type,side,product_id,time,sequence,trade_id,maker_order_id,taker_order_id,size,price
match,sell,BTC-EUR,2021-04-06T09:02:19.013216Z,10920193402,39866642,622182a8-417e-4ed0-9968-79132e6a3bf4,2567ff81-81c3-42e6-8fb7-48c06b4198a6,0.00096413,49556.48
match,buy,BTC-EUR,2021-04-06T09:02:21.672120Z,10920193860,39866643,7bdffa10-c630-4318-8123-b54236989a74,a5a6547f-cd8e-4956-a8ec-8172445745d0,0.001834,49555.23
match,sell,BTC-EUR,2021-04-06T09:02:22.448456Z,10920193987,39866644,c666573d-e85a-4bf4-ab6a-72c4b1d31329,9207369a-83ef-4bb5-b5ee-3f8242d4e398,0.0173945,49569.09
match,buy,BTC-EUR,2021-04-06T09:02:23.622127Z,10920194167,39866645,8fd41e07-31ca-4c6e-8266-29fe2ace93bd,24c0f447-f746-4ca1-8516-05eaf3b65d3e,0.00066934,49562.85
match,sell,BTC-EUR,2021-04-06T09:02:23.666745Z,10920194181,39866646,7bcf64c9-b83b-410b-9922-8e4e9721564a,e9014004-49e9-41bf-9357-aadf9962f97f,0.00593827,49569.11
match,sell,BTC-EUR,2021-04-06T09:02:25.194607Z,10920194437,39866647,04d8426c-7539-47a0-9f9f-21791f2b0de4,ead50950-e05b-4200-968b-4160cd9af1bf,0.00386205,49572.14
match,sell,BTC-EUR,2021-04-06T09:02:27.241766Z,10920194770,39866648,afffa8b8-5ac5-465e-931d-4ec288531ddb,92012ed6-eb12-47d1-b6d0-b2ba558224ba,0.002899,49576.47
match,sell,BTC-EUR,2021-04-06T09:02:34.244226Z,10920195787,39866649,c6139943-0720-48fb-930f-eac85fb2df13,de26cfe2-873c-4593-b1d7-d224fd7326b2,0.00025239,49585.94
match,sell,BTC-EUR,2021-04-06T09:02:35.961884Z,10920196121,39866650,f4a65f57-7916-431a-b6e0-3ec7da16a0c8,7138461e-0387-484d-a8e0-15be0eeaa747,0.00268283,49588.33
match,buy,BTC-EUR,2021-04-06T09:02:38.177855Z,10920196427,39866651,e6d1b6f7-961b-48b2-b57e-0e9a2708bfba,07d18c6a-2e10-48f8-9e59-d54652068891,0.00096519,49572.56
match,sell,BTC-EUR,2021-04-06T09:02:38.185764Z,10920196430,39866652,5bc28358-6d2b-4cae-808f-ff754e512539,2ec22115-74de-408e-8212-6fd782a0c3c6,0.00096347,49588.42
match,sell,BTC-EUR,2021-04-06T09:02:38.434938Z,10920196444,39866653,5bc28358-6d2b-4cae-808f-ff754e512539,e496cf9a-090d-4e6c-b1cd-09185623cecd,0.01736843,49588.42
match,sell,BTC-EUR,2021-04-06T09:02:39.841063Z,10920196770,39866654,abaeadf1-9e56-45c9-b88d-2e9e4ece0f24,5a0a7061-3d0f-4b16-aeb3-9374d0b049cf,0.00102724,49594.99
match,sell,BTC-EUR,2021-04-06T09:02:39.841063Z,10920196772,39866655,db3f10e2-a4ea-4627-9f81-3634ec7b9ec2,5a0a7061-3d0f-4b16-aeb3-9374d0b049cf,0.00885837,49597.09
match,buy,BTC-EUR,2021-04-06T09:02:41.637945Z,10920197021,39866656,0559936e-1219-4902-92ec-9aefd710c849,5f95712f-d626-4d53-b62b-0119d32ebbf6,0.0006,49588.33
match,buy,BTC-EUR,2021-04-06T09:02:41.990101Z,10920197098,39866657,0559936e-1219-4902-92ec-9aefd710c849,0963b59a-911a-45ab-91f5-c51b45d61217,0.00004317,49588.33
match,buy,BTC-EUR,2021-04-06T09:02:41.990101Z,10920197100,39866658,e6081f2d-1b14-40d6-9a84-3b6d5ba5ab72,0963b59a-911a-45ab-91f5-c51b45d61217,0.00137562,49575.04
match,sell,BTC-EUR,2021-04-06T09:02:44.468380Z,10920197727,39866659,af6ff612-55c3-4a8e-a68f-4d08f28daa37,b0041018-3f63-4f35-a295-645f4dace9f5,0.00962855,49578.62
match,sell,BTC-EUR,2021-04-06T09:02:45.685659Z,10920197991,39866660,2d0b6dfd-5229-4c4f-80ca-68fdb87a0a0a,1305bc94-4617-4a47-bddc-92159d6e5671,0.00154344,49583.83
match,sell,BTC-EUR,2021-04-06T09:02:47.503878Z,10920198369,39866661,ca128011-6a6d-46cc-b217-c50c93e039ea,1ec50253-9f1f-4f81-9abf-0f7caa48d660,0.01929403,49588.68
match,sell,BTC-EUR,2021-04-06T09:02:53.029029Z,10920199284,39866662,e71dd79e-5282-4b18-bd18-31a1f0cd68a9,1d4eb6c4-883d-485d-a123-6f7f7ef2efe3,0.01605216,49589.58
match,sell,BTC-EUR,2021-04-06T09:02:54.440208Z,10920199547,39866663,0f5eee94-98d0-4641-b601-079472b37001,f033f8a8-2777-472b-901b-4e0290326cda,0.02701235,49587.87
match,sell,BTC-EUR,2021-04-06T09:02:55.448201Z,10920199702,39866664,4e85bb87-b079-4844-bea1-b5bac86c15d7,8e2bf899-8f36-478e-bd46-165c0a2c84ae,0.02966252,49587.09
match,sell,BTC-EUR,2021-04-06T09:02:58.191306Z,10920199951,39866665,3d326605-516f-4b84-a316-26c59acf4e33,ad275375-05a5-433e-ac00-d03d28977307,0.00280927,49587.07
match,sell,BTC-EUR,2021-04-06T09:02:58.319922Z,10920199969,39866666,244a064d-4563-4bda-adf6-7e241d369981,61cfac55-e892-49ae-b290-9250f255c825,0.01898607,49587.06
match,sell,BTC-EUR,2021-04-06T09:03:01.521926Z,10920200466,39866667,ac04a82f-4318-4f25-a14d-260e112d6228,1a40306a-dadb-4e3b-aabe-1d7109f7e2d0,0.01922802,49588.09
match,sell,BTC-EUR,2021-04-06T09:03:01.521926Z,10920200468,39866668,13718952-ada4-4fc6-a634-041022567fd0,1a40306a-dadb-4e3b-aabe-1d7109f7e2d0,0.0210311,49589.67
match,sell,BTC-EUR,2021-04-06T09:03:01.618820Z,10920200500,39866669,60ca5f47-d706-4a9a-b73b-42d0b2f2c6ad,a1c8c587-ff60-4924-9c30-87c54152afcd,0.00938977,49588.08
match,buy,BTC-EUR,2021-04-06T09:03:02.466937Z,10920200642,39866670,c6dbf0a1-6332-455d-aca4-09f8b488b4be,6d122f02-1c7c-42d9-82ae-8df389f35f35,0.01195952,49563.31
match,sell,BTC-EUR,2021-04-06T09:03:03.767154Z,10920200766,39866671,2cccabbd-6a02-4abd-beb6-b5a43afa357e,09f9b050-2631-4972-81b7-393c33733e36,0.00033127,49580.96
match,sell,BTC-EUR,2021-04-06T09:03:04.262370Z,10920200805,39866672,2cccabbd-6a02-4abd-beb6-b5a43afa357e,c59136e3-0131-49fe-9529-1e6dc08ee867,0.01854886,49580.96
match,sell,BTC-EUR,2021-04-06T09:03:04.262370Z,10920200807,39866673,6ac3fce8-a34e-476b-bfc9-3df605d7437e,c59136e3-0131-49fe-9529-1e6dc08ee867,0.03145114,49589.46
match,sell,BTC-EUR,2021-04-06T09:03:04.335534Z,10920200835,39866674,cab4ae3a-b427-464c-b25d-52068fd48eda,edf6e42c-3f55-423e-ab72-e8fa1c1e2283,0.00173668,49589.44
match,sell,BTC-EUR,2021-04-06T09:03:09.159600Z,10920201150,39866675,f6ee94e4-0a5a-4fc9-ad64-b19c5720fb52,79041a4d-c5e5-4e4c-a144-6ea5eae8fb96,0.00428707,49590.98
match,sell,BTC-EUR,2021-04-06T09:03:09.159600Z,10920201152,39866676,376dd192-b49a-4698-83fa-e694be915a4f,79041a4d-c5e5-4e4c-a144-6ea5eae8fb96,0.01583763,49590.99
match,sell,BTC-EUR,2021-04-06T09:03:11.037215Z,10920201356,39866677,376dd192-b49a-4698-83fa-e694be915a4f,1f29f0d2-54d0-49a9-a274-e709c17477fd,0.00479049,49590.99
match,sell,BTC-EUR,2021-04-06T09:03:11.037215Z,10920201358,39866678,58420c88-0a82-4642-8c60-35ecaec58146,1f29f0d2-54d0-49a9-a274-e709c17477fd,0.00015238,49591.78
match,sell,BTC-EUR,2021-04-06T09:03:13.015247Z,10920201475,39866679,4b9c2a77-5cf1-484e-8e26-dd8a49c69510,9dcd8b95-9c53-4b7e-8dcc-dea71b016e26,0.00047172,49592.14
match,buy,BTC-EUR,2021-04-06T09:03:14.228703Z,10920201572,39866680,fee266aa-1a6d-4a12-970a-6fe682e8cbf5,19ee2eb3-3bad-4d5d-bdfe-fe76c47a8c7b,0.0046434,49578.56
match,buy,BTC-EUR,2021-04-06T09:03:14.750263Z,10920201603,39866681,fee266aa-1a6d-4a12-970a-6fe682e8cbf5,ea434f0f-93c0-4d66-9c58-33e646bba73c,0.00083118,49578.56
match,sell,BTC-EUR,2021-04-06T09:03:15.071552Z,10920201611,39866682,7776b935-c04c-4352-ab0d-9448c15ac674,6dca09be-088e-4f83-b37d-13eaeca82a5d,0.00020063,49593.44
match,sell,BTC-EUR,2021-04-06T09:03:15.571144Z,10920201670,39866683,db0a0dfb-99f0-403c-afff-679af491c21f,813f5642-29cf-4c76-845d-87ce6b4e2beb,0.00018088,49594.07
match,sell,BTC-EUR,2021-04-06T09:03:15.803718Z,10920201701,39866684,db0a0dfb-99f0-403c-afff-679af491c21f,4b151508-1dd5-4ddd-afd3-6d8875ff10db,0.00234776,49594.07
match,sell,BTC-EUR,2021-04-06T09:03:16.232704Z,10920201734,39866685,db0a0dfb-99f0-403c-afff-679af491c21f,621d7a8f-a569-4c27-9617-b8773b302a00,0.00096326,49594.07
match,buy,BTC-EUR,2021-04-06T09:03:16.393270Z,10920201755,39866686,11bff52b-15e8-4c6a-9802-ffa0f9e5951a,791c8de9-645e-4aca-a982-ff3862f9ec1e,0.10136051,49578.58
match,buy,BTC-EUR,2021-04-06T09:03:17.250935Z,10920201798,39866687,0c5b254a-1266-4cdf-bdc8-422061aa8e5a,e1227fd0-ea2e-4fb6-98cf-13c9b7319b1f,0.00018088,49578.52
match,sell,BTC-EUR,2021-04-06T09:03:17.992449Z,10920201850,39866688,b29ec246-a0dc-4341-9479-1c35f3e1f2bf,0050abd5-4df0-4716-a9c0-2fcf18b9b33e,0.00018087,49594.05
match,buy,BTC-EUR,2021-04-06T09:03:19.930405Z,10920202051,39866689,f7e2e07b-9f90-4e03-8aad-fce2ef5e4be1,e0fd21f7-1a60-4d35-9be9-34eaf3c8c6cc,0.00018087,49578.6
match,sell,BTC-EUR,2021-04-06T09:03:20.012935Z,10920202078,39866690,f3213d37-3879-4507-ac8c-1dccc2932897,7e5558fe-f63c-4b40-9a4a-d8cafc0e2d68,0.00214354,49597.46
match,sell,BTC-EUR,2021-04-06T09:03:20.012935Z,10920202080,39866691,9362e324-a170-4cc4-8f1e-416148ca9d8d,7e5558fe-f63c-4b40-9a4a-d8cafc0e2d68,0.0017153,49597.47
match,sell,BTC-EUR,2021-04-06T09:03:21.964441Z,10920202345,39866692,07cc8eb1-b9a5-4cbd-b520-8815942d08f7,aff20eca-d567-4088-b96c-8a9dba57fd95,0.00829653,49597.16
match,sell,BTC-EUR,2021-04-06T09:03:22.046093Z,10920202355,39866693,17b93fd7-7ab7-4c86-a8c4-27e8328dfa82,9e706d76-f057-4f43-8e18-d910823b38a2,0.00771768,49597.14
match,sell,BTC-EUR,2021-04-06T09:03:22.892229Z,10920202475,39866694,c76b3d0c-4885-49c9-87f8-9e506f816c5e,199df0c8-c722-4e21-ba1b-793a17fa535f,0.19770257,49596.96
match,sell,BTC-EUR,2021-04-06T09:03:26.060706Z,10920202992,39866695,e380c06b-8d43-41c5-a838-41c53f7af6f9,e6b9ccfc-c2be-4fa7-835b-99a8190f7dee,0.00096328,49595.93
match,sell,BTC-EUR,2021-04-06T09:03:29.060421Z,10920203816,39866696,2d0a13d2-2e72-4d2d-ab98-dba6169acf6d,e19be134-cef0-4d61-824f-20e307624fd8,0.00040339,49578.57
match,buy,BTC-EUR,2021-04-06T09:03:32.490421Z,10920204316,39866697,4016cd32-8f01-45f5-b1e4-973a6ad87fb0,b410b03e-92b1-4cbd-a5cd-d697eb3f31a1,0.001,49567.17
match,sell,BTC-EUR,2021-04-06T09:03:39.817715Z,10920205157,39866698,59c229af-b5a7-4988-825e-b021e5fd9f77,bcd20bad-7473-41eb-8b89-7be510065e58,0.00018083,49579.03
match,sell,BTC-EUR,2021-04-06T09:03:42.078345Z,10920205383,39866699,edff08ff-0abd-4548-82bd-78321e3e9721,1797aea1-29fb-45b2-ac7b-7349a7432339,0.00050248,49579
match,sell,BTC-EUR,2021-04-06T09:03:45.071921Z,10920205693,39866700,9168a69a-f0a4-43bc-b2ad-a2e9cfc8bbcb,c14b3a94-19fc-4d8c-ba2b-1e544bc71b60,0.00123767,49579
match,sell,BTC-EUR,2021-04-06T09:03:45.071921Z,10920205695,39866701,59c229af-b5a7-4988-825e-b021e5fd9f77,c14b3a94-19fc-4d8c-ba2b-1e544bc71b60,0.00076927,49579.03
match,sell,BTC-EUR,2021-04-06T09:03:45.277370Z,10920205721,39866702,59c229af-b5a7-4988-825e-b021e5fd9f77,41b092a5-851e-4ebd-908a-c58b5634aeb7,0.00099344,49579.03
match,buy,BTC-EUR,2021-04-06T09:03:45.665827Z,10920205762,39866703,f68ccaf3-930d-4535-8c80-44b2a242795f,664d24e2-5b86-4d93-83b0-a2cf83b172d9,0.03033015,49561.59
match,buy,BTC-EUR,2021-04-06T09:03:45.665827Z,10920205764,39866704,14f1e9ee-1f54-475d-b4c7-21180ddb7bf2,664d24e2-5b86-4d93-83b0-a2cf83b172d9,0.43,49561.58
match,buy,BTC-EUR,2021-04-06T09:03:45.665827Z,10920205766,39866705,cd1d53c7-91d3-4a7e-b4a0-1788539941e9,664d24e2-5b86-4d93-83b0-a2cf83b172d9,0.0145875,49561.56
match,sell,BTC-EUR,2021-04-06T09:03:48.363137Z,10920206101,39866706,08987b1e-5882-477d-8d2b-496504d6bbac,37f129d1-1724-4429-b897-95d015e2949d,0.01929941,49578.86
match,buy,BTC-EUR,2021-04-06T09:03:48.795210Z,10920206152,39866707,f268c11a-bef1-4448-a637-89ea54e1457f,11caabb9-e912-4ac0-bfd1-33a790b16e8e,0.00017525,49560.93
match,sell,BTC-EUR,2021-04-06T09:03:54.483926Z,10920206826,39866708,8fbdef12-71af-4da9-a579-e3bd211b14dd,39ebe4af-8bc4-4e2f-9ef9-ed964758e109,0.00104343,49579.01
match,sell,BTC-EUR,2021-04-06T09:03:56.655776Z,10920206963,39866709,8fbdef12-71af-4da9-a579-e3bd211b14dd,8f16ed59-f7f1-4f1d-be1c-f227803e8302,0.00098368,49579.01
match,sell,BTC-EUR,2021-04-06T09:03:56.781082Z,10920206972,39866710,8fbdef12-71af-4da9-a579-e3bd211b14dd,fe0c697f-b89a-4859-9a66-de0e359b2c68,0.00080299,49579.01
match,sell,BTC-EUR,2021-04-06T09:04:00.059528Z,10920207276,39866711,3869a780-b1ad-43b8-a168-b6e44ebc0f1c,cfd15432-f8cc-48b9-a93e-9429eb40e235,0.00018083,49585.05
match,sell,BTC-EUR,2021-04-06T09:04:00.121181Z,10920207288,39866712,9c73eb6e-6909-4aa6-af22-85119f789c1a,7cc7fc0a-61d8-4630-ac0d-61dc7934d2d4,0.0067243,49585.04
match,sell,BTC-EUR,2021-04-06T09:04:00.480193Z,10920207348,39866713,1f7276d9-2890-4151-915c-24612f3707d6,fa451745-efe0-4d3c-b8e3-7f8ef3c6322a,0.00192988,49585
match,buy,BTC-EUR,2021-04-06T09:04:03.742287Z,10920207606,39866714,65f78e0d-0268-4fab-b7ba-82842d089dc5,478cb8c8-1ece-4014-8e17-5b73da6552c2,0.023,49572.07
match,sell,BTC-EUR,2021-04-06T09:04:04.499265Z,10920207666,39866715,85111847-472a-4b4b-a034-228989f2c82c,7247812a-551b-4b13-92da-0ed84e4fe7a7,0.00338204,49584.82
match,sell,BTC-EUR,2021-04-06T09:04:06.446007Z,10920208008,39866716,2ab85cf9-4b86-4348-85bc-08096df240d7,4bad7dbe-7622-443a-978d-2aceb2105fdc,0.00502585,49592.28
match,sell,BTC-EUR,2021-04-06T09:04:08.462322Z,10920208303,39866717,a2033396-51f1-41bf-9d6c-a16ea29094f4,fe59a80f-df0d-403c-8518-107c050aeaf4,0.00020067,49596.66
match,sell,BTC-EUR,2021-04-06T09:04:12.501822Z,10920208569,39866718,10786e45-21a1-4175-b9d6-affa8321fa91,7c0a0425-a1bd-4bb1-b77f-8a87751b2959,0.00056194,49596.68
match,sell,BTC-EUR,2021-04-06T09:04:13.815138Z,10920208615,39866719,3dc45bd3-a0cf-4729-98ce-d8f896f2e1e0,725e1fd7-1e85-4354-8012-381541ea9f7a,0.00289449,49596.68
match,buy,BTC-EUR,2021-04-06T09:04:20.778453Z,10920209007,39866720,dbb8c982-0d3a-445f-88e3-0dd4b0d574ef,a58913ef-90a2-4363-9f14-409dbb41404b,0.00064866,49591.53
match,sell,BTC-EUR,2021-04-06T09:04:24.238761Z,10920209405,39866721,177631e3-278c-4d9c-a37c-2b145dcb9f7b,9b7ef416-c74a-4770-a929-171ead6b9400,0.00040124,49596.88
match,buy,BTC-EUR,2021-04-06T09:04:28.174871Z,10920209747,39866722,6470c762-64a6-4362-bdb1-1792400bb376,1defeb4f-b77e-4546-90ec-4673f3c92ea3,0.00174834,49596.66
match,sell,BTC-EUR,2021-04-06T09:04:28.695359Z,10920209788,39866723,76bae0ca-aa04-4d25-9442-fc42a77143f7,3731c21e-542d-407e-8741-5aa4f24abeb6,0.00194625,49596.9
match,sell,BTC-EUR,2021-04-06T09:04:31.139872Z,10920210041,39866724,76bae0ca-aa04-4d25-9442-fc42a77143f7,7f388cb6-edec-4f41-9b97-cdf9ae73eab8,0.05015559,49596.9
match,sell,BTC-EUR,2021-04-06T09:04:35.522350Z,10920210583,39866725,c75de404-3797-40b5-b806-e8e064ef508d,6cafe647-fa3c-40cf-b166-8ac8ae4a6c7c,0.0080238,49603.64
match,sell,BTC-EUR,2021-04-06T09:04:36.867955Z,10920210735,39866726,ee8d69b7-1f61-49d7-89f3-fb5feba928ab,29950a93-ea7f-4849-87b3-785439e88c64,0.17797651,49600.23
match,sell,BTC-EUR,2021-04-06T09:04:36.905430Z,10920210762,39866727,a5aa8141-e3d7-49df-93e9-c9f11cfdbea8,3a23cb0a-67a4-4c04-9449-925f49e9ecd3,0.17090201,49600.24
match,sell,BTC-EUR,2021-04-06T09:04:38.839647Z,10920211142,39866728,cf99a3cd-1aad-40b3-a97f-43aad7219938,01db86dc-9bf3-4087-8b8a-55518b42b279,0.00102,49604.54
match,buy,BTC-EUR,2021-04-06T09:04:44.350854Z,10920211890,39866729,0111fb7e-fc1e-4729-9da8-c57554a2d2a9,30bd5c8e-18ca-49ec-8931-c434f0d2a145,0.00067667,49603.08
match,sell,BTC-EUR,2021-04-06T09:04:52.638998Z,10920213419,39866730,b8402e9e-8164-4a1c-847c-984b8d3a6d76,f6e65194-9406-4386-9a07-8d97327ed118,0.00294821,49607.95
match,sell,BTC-EUR,2021-04-06T09:04:53.048843Z,10920213482,39866731,4575ccf6-b093-40a9-bfe6-bc988637a475,0a47fee4-64a4-4afb-9ea2-ce9278c72553,0.00194619,49607.87
match,sell,BTC-EUR,2021-04-06T09:04:58.962430Z,10920214239,39866732,5d25596f-6123-49e2-9caf-710a81a693c9,d8b6c2a0-a1c7-4f8f-93e0-36d14e2fac4e,0.00056182,49607.97
match,buy,BTC-EUR,2021-04-06T09:05:00.592734Z,10920214465,39866733,6470c762-64a6-4362-bdb1-1792400bb376,367f45f5-3ae6-477b-b69f-8dedfb0cef7a,0.00326724,49596.66
match,buy,BTC-EUR,2021-04-06T09:05:00.592734Z,10920214467,39866734,205b38e0-9dd3-43ad-b5a8-9c1ed07dd3fb,367f45f5-3ae6-477b-b69f-8dedfb0cef7a,0.02321235,49591.54
match,buy,BTC-EUR,2021-04-06T09:05:00.592734Z,10920214469,39866735,57971767-12d7-4fc7-9745-99455f17ec56,367f45f5-3ae6-477b-b69f-8dedfb0cef7a,0.03128457,49591.53
match,buy,BTC-EUR,2021-04-06T09:05:00.952800Z,10920214499,39866736,c75b9f66-3ef7-49f9-b586-9e9654bb82cf,8ab0cdaf-2227-436f-bd67-6c421531958b,0.00096157,49591.54
match,sell,BTC-EUR,2021-04-06T09:05:02.305664Z,10920214650,39866737,555bbc4b-8d29-48d7-b6de-e288d02f9982,48696782-e4c3-4c79-aff2-8d9ca5af50ee,0.00395061,49605.86
match,sell,BTC-EUR,2021-04-06T09:05:02.469743Z,10920214668,39866738,555bbc4b-8d29-48d7-b6de-e288d02f9982,aabd823f-5811-4eae-8611-d49c034a9e24,0.00018073,49605.86
match,sell,BTC-EUR,2021-04-06T09:05:03.830557Z,10920214853,39866739,ddb366fc-b28d-4725-98e2-ab1aed227026,224039fc-2af3-4013-ae85-0db48f69dc0f,0.00636514,49605.19
match,buy,BTC-EUR,2021-04-06T09:05:10.363593Z,10920215617,39866740,57971767-12d7-4fc7-9745-99455f17ec56,9d9e491a-1454-4a4c-92a4-30bfa0134a52,0.00052534,49591.53
match,sell,BTC-EUR,2021-04-06T09:05:20.534119Z,10920217011,39866741,fbe4e20b-9635-4556-aa69-bf3fcabe4f40,e09b7108-0a77-45c4-848b-88933857a526,0.0025511,49604.78
match,sell,BTC-EUR,2021-04-06T09:05:22.377609Z,10920217284,39866742,67a2a745-69de-43a1-aa94-689e5c663067,fcd25810-f140-4a5b-b988-977504d58596,0.00192881,49610.2
match,sell,BTC-EUR,2021-04-06T09:05:25.824674Z,10920217630,39866743,00430ed7-808c-4b1f-9089-90ca7f181327,ac0e20d3-a944-4597-8b38-52fc09ca4e4e,0.00192876,49607.88
match,sell,BTC-EUR,2021-04-06T09:05:27.136285Z,10920217793,39866744,dcecc87c-0606-4fa9-a641-09d56d7ba2f7,0ce654e5-5b95-4b0f-967b-2c7995116355,0.0152103,49607.88
match,sell,BTC-EUR,2021-04-06T09:05:27.136285Z,10920217795,39866745,ab97d46c-0dc7-4850-9fb9-181e17db5455,0ce654e5-5b95-4b0f-967b-2c7995116355,0.01999996,49607.89
match,sell,BTC-EUR,2021-04-06T09:05:27.136285Z,10920217797,39866746,769eef70-065c-4a6c-97db-b47a272aaff9,0ce654e5-5b95-4b0f-967b-2c7995116355,0.01815082,49610.09
match,sell,BTC-EUR,2021-04-06T09:05:27.748524Z,10920217883,39866747,102393a4-f84c-481f-a7d4-ecba5452af79,aa20d95c-407b-461c-b39d-925a24b35f4a,0.01007859,49607.59
match,sell,BTC-EUR,2021-04-06T09:05:28.036450Z,10920217932,39866748,a137f7ee-56c7-4321-879d-8bf467f37a9c,e44431d3-481b-45ac-8f78-7d9e6267784e,0.00760515,49610.2
match,sell,BTC-EUR,2021-04-06T09:05:28.036450Z,10920217934,39866749,7416dffb-09cc-488c-963e-8969dae01c04,e44431d3-481b-45ac-8f78-7d9e6267784e,0.00227714,49610.21
match,sell,BTC-EUR,2021-04-06T09:05:28.829370Z,10920218055,39866750,7416dffb-09cc-488c-963e-8969dae01c04,0b1841a8-bcf8-4900-be82-89f26f493ff4,0.00603507,49610.21
match,sell,BTC-EUR,2021-04-06T09:05:34.423938Z,10920218608,39866751,5fd19a82-c7eb-4e7e-a8cd-a2b60a52a243,56ba1d9f-acc8-45c7-83ac-23eb3eac5f11,0.00380257,49610.2
match,sell,BTC-EUR,2021-04-06T09:05:34.423938Z,10920218610,39866752,7416dffb-09cc-488c-963e-8969dae01c04,56ba1d9f-acc8-45c7-83ac-23eb3eac5f11,0.03565429,49610.21
match,sell,BTC-EUR,2021-04-06T09:05:34.423938Z,10920218612,39866753,54f07f19-e00d-478c-83a7-ef595684bce8,56ba1d9f-acc8-45c7-83ac-23eb3eac5f11,0.02398154,49611.3
match,sell,BTC-EUR,2021-04-06T09:05:34.423938Z,10920218614,39866754,065c0b6c-24dc-4424-8774-03d1e11db2c4,56ba1d9f-acc8-45c7-83ac-23eb3eac5f11,0.2,49615.02
match,sell,BTC-EUR,2021-04-06T09:05:34.423938Z,10920218616,39866755,1ea02b0b-22ef-483f-8015-0814758e2bdd,56ba1d9f-acc8-45c7-83ac-23eb3eac5f11,0.21611332,49621
match,sell,BTC-EUR,2021-04-06T09:05:34.423938Z,10920218618,39866756,bc48f8c4-8938-4bf3-894b-649d36fb3762,56ba1d9f-acc8-45c7-83ac-23eb3eac5f11,0.1,49621.01
match,sell,BTC-EUR,2021-04-06T09:05:34.423938Z,10920218620,39866757,cd507a0a-cb3f-4d34-8825-43a0d29f69dd,56ba1d9f-acc8-45c7-83ac-23eb3eac5f11,0.0308,49621.03
match,sell,BTC-EUR,2021-04-06T09:05:34.423938Z,10920218622,39866758,19a7e593-5337-4048-b7fd-9be270e09083,56ba1d9f-acc8-45c7-83ac-23eb3eac5f11,0.0512137,49621.69
match,sell,BTC-EUR,2021-04-06T09:05:34.423938Z,10920218624,39866759,8c7022dc-92dd-4046-9bd8-65c2f53c2f4d,56ba1d9f-acc8-45c7-83ac-23eb3eac5f11,0.15,49623.81
match,sell,BTC-EUR,2021-04-06T09:05:34.423938Z,10920218626,39866760,983aec0b-86da-497c-910c-11931214b4d3,56ba1d9f-acc8-45c7-83ac-23eb3eac5f11,0.29097947,49623.82
match,sell,BTC-EUR,2021-04-06T09:05:34.423938Z,10920218628,39866761,023a3d7b-bf90-4c35-b0cf-1031ffa1f2d7,56ba1d9f-acc8-45c7-83ac-23eb3eac5f11,0.15064976,49625.5
match,sell,BTC-EUR,2021-04-06T09:05:34.423938Z,10920218630,39866762,c852b36b-da1e-4e86-aeac-1e2ab0505901,56ba1d9f-acc8-45c7-83ac-23eb3eac5f11,0.03528,49625.51
match,sell,BTC-EUR,2021-04-06T09:05:34.423938Z,10920218632,39866763,aad015de-8e1e-45c9-b362-3d63f6b41c2a,56ba1d9f-acc8-45c7-83ac-23eb3eac5f11,0.123,49625.52
match,sell,BTC-EUR,2021-04-06T09:05:34.423938Z,10920218634,39866764,a73bbe3a-9628-4559-b5b3-5b783d9ba9be,56ba1d9f-acc8-45c7-83ac-23eb3eac5f11,0.3,49627.05
match,sell,BTC-EUR,2021-04-06T09:05:34.423938Z,10920218636,39866765,3923bc48-d4a0-49ca-a59c-ccd632c1aa57,56ba1d9f-acc8-45c7-83ac-23eb3eac5f11,0.0318041,49627.07
match,sell,BTC-EUR,2021-04-06T09:05:34.423938Z,10920218638,39866766,3964fda9-c98f-4082-a739-69c2cc72d062,56ba1d9f-acc8-45c7-83ac-23eb3eac5f11,0.08062423,49628.85
match,sell,BTC-EUR,2021-04-06T09:05:34.423938Z,10920218640,39866767,bdf597cf-f389-4e05-8077-328e7c3d8752,56ba1d9f-acc8-45c7-83ac-23eb3eac5f11,0.03,49629.16
match,sell,BTC-EUR,2021-04-06T09:05:34.423938Z,10920218642,39866768,4799f7dc-d4c7-480f-b4fd-be969dec95ae,56ba1d9f-acc8-45c7-83ac-23eb3eac5f11,0.14609702,49629.18
match,buy,BTC-EUR,2021-04-06T09:05:34.863675Z,10920218734,39866769,c4445411-2e3d-4ea2-8f19-c8fc6219113c,5bb07b43-2d6a-4cc3-acb5-85b7f211428a,0.00109266,49591.64
match,sell,BTC-EUR,2021-04-06T09:05:36.046412Z,10920218867,39866770,9cee5866-6753-4699-98e7-6ea4e25b0af7,40305c4d-ed14-4182-a98f-5cdcdfede9b8,0.02668048,49609.79
match,sell,BTC-EUR,2021-04-06T09:05:36.984191Z,10920218966,39866771,9cee5866-6753-4699-98e7-6ea4e25b0af7,6d15d889-fb56-44c7-a39e-a953e1f4e7d9,0.00037125,49609.79
match,buy,BTC-EUR,2021-04-06T09:05:40.056066Z,10920219125,39866772,ac22abeb-d414-47ee-8e63-4d312b8d9996,03375168-4cc2-42d4-bd4f-20c02dbf0576,0.00207787,49593.43
match,buy,BTC-EUR,2021-04-06T09:05:40.374880Z,10920219160,39866773,7d228e82-a20c-4831-bab5-97c64f513cf8,fa714663-c202-4bc2-a4e9-de256cb24a30,0.02842886,49593.48
match,buy,BTC-EUR,2021-04-06T09:05:40.374880Z,10920219162,39866774,ac22abeb-d414-47ee-8e63-4d312b8d9996,fa714663-c202-4bc2-a4e9-de256cb24a30,0.00510859,49593.43
match,buy,BTC-EUR,2021-04-06T09:05:43.134446Z,10920219497,39866775,57971767-12d7-4fc7-9745-99455f17ec56,f6572c0b-220f-4e08-93e1-84a8cae6c17c,0.0025511,49591.53
match,sell,BTC-EUR,2021-04-06T09:05:46.188192Z,10920219692,39866776,48134653-f4f0-4857-9d37-c975aee34966,491d675e-7516-47ba-b1c6-89ab42760b13,0.00340312,49609
match,buy,BTC-EUR,2021-04-06T09:05:50.795735Z,10920220116,39866777,57971767-12d7-4fc7-9745-99455f17ec56,cd3d3d3e-c8b9-4fc9-ab60-8926bfa1aa91,0.0101319,49591.53
match,buy,BTC-EUR,2021-04-06T09:05:51.412934Z,10920220224,39866778,57971767-12d7-4fc7-9745-99455f17ec56,8ae44bbf-bc95-4b85-9af4-afb0d3e54661,0.006829,49591.53
match,sell,BTC-EUR,2021-04-06T09:05:51.962538Z,10920220271,39866779,d7611b33-02b4-45fa-ba11-a5d830ab6e5b,92cf9f75-2445-4f24-b1a1-e14b6726bf74,0.01003101,49597.44
match,sell,BTC-EUR,2021-04-06T09:05:54.255313Z,10920220385,39866780,d7611b33-02b4-45fa-ba11-a5d830ab6e5b,3e226cf4-a566-44f9-8f8c-bdc10dcda983,0.00018072,49597.44
match,buy,BTC-EUR,2021-04-06T09:05:57.070701Z,10920220577,39866781,57971767-12d7-4fc7-9745-99455f17ec56,ec129a68-e262-41a8-a27b-2a63da487c53,0.00741377,49591.53
match,buy,BTC-EUR,2021-04-06T09:05:57.395563Z,10920220607,39866782,57971767-12d7-4fc7-9745-99455f17ec56,2580c916-6e8d-4c8a-b03b-a27dc353c076,0.00035267,49591.53
match,sell,BTC-EUR,2021-04-06T09:05:57.651353Z,10920220617,39866783,c0b339bb-0c1e-4fe0-b90f-d78a4420360a,af073ba2-0c04-409e-94aa-233e73c196b2,0.0096451,49595.37
match,sell,BTC-EUR,2021-04-06T09:06:00.562630Z,10920220765,39866784,c0b339bb-0c1e-4fe0-b90f-d78a4420360a,eed635bf-20e6-45d7-9b25-daf2238f818a,0.0025511,49595.37
match,sell,BTC-EUR,2021-04-06T09:06:01.310253Z,10920220858,39866785,c0b339bb-0c1e-4fe0-b90f-d78a4420360a,b94e6e14-4d0f-4784-98fc-3a966d1ada12,0.00036288,49595.37
match,sell,BTC-EUR,2021-04-06T09:06:01.497110Z,10920220871,39866786,c0b339bb-0c1e-4fe0-b90f-d78a4420360a,96e5401f-3baf-4a00-9219-c77e93b1b622,0.00096319,49595.37
match,sell,BTC-EUR,2021-04-06T09:06:02.700123Z,10920220954,39866787,c76ff63c-96e6-46d6-b367-28923b7124c4,098690a3-a356-48af-bf49-3b627ee76b75,0.00018076,49594.75
match,sell,BTC-EUR,2021-04-06T09:06:04.093673Z,10920221049,39866788,c0b339bb-0c1e-4fe0-b90f-d78a4420360a,7984f400-a268-4010-9803-48b2d3df5f57,0.00096321,49595.37
match,sell,BTC-EUR,2021-04-06T09:06:05.097749Z,10920221109,39866789,c0b339bb-0c1e-4fe0-b90f-d78a4420360a,2a1f1d10-fddf-4e3f-8847-2abed36925ac,0.01976291,49595.37
match,sell,BTC-EUR,2021-04-06T09:06:05.454070Z,10920221127,39866790,c0b339bb-0c1e-4fe0-b90f-d78a4420360a,e1af2c5e-3d0f-4b32-a370-d15568879349,0.00284833,49595.37
match,buy,BTC-EUR,2021-04-06T09:06:06.430777Z,10920221182,39866791,57971767-12d7-4fc7-9745-99455f17ec56,d2d652e7-4765-478a-9ca8-05281e480d95,0.00030534,49591.53
match,sell,BTC-EUR,2021-04-06T09:06:08.369573Z,10920221255,39866792,c0b339bb-0c1e-4fe0-b90f-d78a4420360a,a505abb6-67ca-47c2-a2d2-aae11884fd9c,0.00018077,49595.37
match,buy,BTC-EUR,2021-04-06T09:06:10.291377Z,10920221319,39866793,57971767-12d7-4fc7-9745-99455f17ec56,bb5fc79b-ffa1-4a97-8cda-85cad0fc9eb4,0.00100486,49591.53
match,buy,BTC-EUR,2021-04-06T09:06:15.291176Z,10920221676,39866794,57971767-12d7-4fc7-9745-99455f17ec56,9f9e94a9-f725-4d34-90ba-08d090a0537b,0.06021593,49591.53
match,sell,BTC-EUR,2021-04-06T09:06:15.306021Z,10920221683,39866795,6563b51b-fc8a-4ce4-8f72-8ce9470a7a76,4f9bebe5-2369-4d43-a070-591125d1170d,0.00047168,49593.67
match,sell,BTC-EUR,2021-04-06T09:06:16.269798Z,10920221756,39866796,6563b51b-fc8a-4ce4-8f72-8ce9470a7a76,9a2a42a7-75a8-4d38-bcad-cb419ef71aea,0.06228996,49593.67
match,buy,BTC-EUR,2021-04-06T09:06:21.999730Z,10920222090,39866797,57971767-12d7-4fc7-9745-99455f17ec56,d8881a31-6a66-498a-873e-e1d1897a2522,0.00962142,49591.53
match,sell,BTC-EUR,2021-04-06T09:06:22.809797Z,10920222098,39866798,ec6a41aa-4ff5-4fb5-ad97-dbbc63d3b09e,bd1a9a9a-2e7f-46ba-91f9-26c6b7d6c6e4,0.00192924,49592.61
match,buy,BTC-EUR,2021-04-06T09:06:25.478138Z,10920222192,39866799,57971767-12d7-4fc7-9745-99455f17ec56,5a91be3e-46f2-41ec-b1df-ad5044513fa0,0.07103585,49591.53
match,sell,BTC-EUR,2021-04-06T09:06:27.317685Z,10920222484,39866800,00699861-d022-4990-99dc-d405b32393c8,6b452484-7cb4-4533-8c69-47b3ef36dc0e,0.00096321,49586.62
match,sell,BTC-EUR,2021-04-06T09:06:29.958376Z,10920222851,39866801,9bd0d1fd-cbae-459e-9fee-fa1ca31c2639,1462acc7-60f7-45ad-b4ee-fae3f411dd28,0.0001809,49584.04
match,sell,BTC-EUR,2021-04-06T09:06:30.390016Z,10920222904,39866802,02dbc427-4ec1-4495-9e3c-a10d42f98a1a,d97c0aba-6183-404b-beba-9e2fa90a5da1,0.00096327,49584.04
match,sell,BTC-EUR,2021-04-06T09:06:30.906393Z,10920222937,39866803,7307d44a-3ebb-40a4-8f5d-697a0f07a5ba,8a73a999-6552-4f2b-91ac-4fbfc67ae261,0.00033125,49584.05
match,sell,BTC-EUR,2021-04-06T09:06:32.277798Z,10920223031,39866804,7307d44a-3ebb-40a4-8f5d-697a0f07a5ba,826c34da-757c-4bac-9f92-071d20398f40,0.00192935,49584.05
match,sell,BTC-EUR,2021-04-06T09:06:33.455857Z,10920223131,39866805,7307d44a-3ebb-40a4-8f5d-697a0f07a5ba,a1a69404-a7a4-49c3-90b2-3aadbcf0f22e,0.16869178,49584.05
match,sell,BTC-EUR,2021-04-06T09:06:33.455857Z,10920223133,39866806,a7e1fe5a-3ef0-49c0-96eb-f583ba059203,a1a69404-a7a4-49c3-90b2-3aadbcf0f22e,0.01384207,49586.85
match,sell,BTC-EUR,2021-04-06T09:06:33.455857Z,10920223135,39866807,b9d9444e-d5b7-40b8-848d-c5de4438f381,a1a69404-a7a4-49c3-90b2-3aadbcf0f22e,0.01514364,49586.86
match,sell,BTC-EUR,2021-04-06T09:06:33.717713Z,10920223163,39866808,96d125c3-997e-4916-afae-e39e101f6674,d4bc6b8f-6a6b-46cb-9721-317b50aae322,0.00692104,49586.85
match,sell,BTC-EUR,2021-04-06T09:06:33.717713Z,10920223165,39866809,b9d9444e-d5b7-40b8-848d-c5de4438f381,d4bc6b8f-6a6b-46cb-9721-317b50aae322,0.03590102,49586.86
match,sell,BTC-EUR,2021-04-06T09:06:33.717713Z,10920223167,39866810,ccfda196-2466-4baa-a9ae-80459fb695e6,d4bc6b8f-6a6b-46cb-9721-317b50aae322,0.04947798,49589.01
match,sell,BTC-EUR,2021-04-06T09:06:34.955121Z,10920223254,39866811,fc041e06-9116-4313-85e2-aab7c504e175,20445d8d-d7ad-4e2d-a85c-bef2a05594f2,0.00096321,49584.15
match,sell,BTC-EUR,2021-04-06T09:06:37.207862Z,10920223456,39866812,2622b751-20eb-471c-9fef-a7c3554b8f64,06cdebe2-431b-4256-b8e3-112fe6f65323,0.00060245,49581.5
match,sell,BTC-EUR,2021-04-06T09:06:38.686323Z,10920223591,39866813,2622b751-20eb-471c-9fef-a7c3554b8f64,b5fda8fb-db0d-4c77-a4dc-5cf0077f71fd,0.00385957,49581.5
match,sell,BTC-EUR,2021-04-06T09:06:40.244401Z,10920223718,39866814,2622b751-20eb-471c-9fef-a7c3554b8f64,e096e771-bd26-40ac-b0f6-09f37af56023,0.00096343,49581.5
match,sell,BTC-EUR,2021-04-06T09:06:53.007996Z,10920225149,39866815,0c0152e8-7b2c-45c7-b6e4-98a837adc791,c0e91938-3419-4e0c-add0-20e730c0da28,0.0011441,49564.69
match,sell,BTC-EUR,2021-04-06T09:06:55.501491Z,10920225545,39866816,8809ac23-43b8-48a3-bbe3-cda777136579,f1327924-5706-4932-81de-416aaf30a444,0.00212303,49561.89
match,sell,BTC-EUR,2021-04-06T09:06:58.850334Z,10920226062,39866817,48951a92-1e39-4ef2-b5f6-e63ff6b99446,9226444d-b03c-431a-a0aa-c6935ab08121,0.00220773,49554.25
match,sell,BTC-EUR,2021-04-06T09:06:59.834709Z,10920226175,39866818,48951a92-1e39-4ef2-b5f6-e63ff6b99446,6d4597d8-bb8f-4356-b462-7f8c1520290d,0.0138471,49554.25
match,sell,BTC-EUR,2021-04-06T09:07:00.688625Z,10920226262,39866819,eb803f55-b279-48e7-99e7-4b799285a729,de7020f1-0b63-4e64-966f-0f3d270fb21c,0.0296726,49554.24
match,buy,BTC-EUR,2021-04-06T09:07:01.771374Z,10920226342,39866820,90f9726d-cc73-4891-a3c2-883a3f5c7693,0e2270e8-ef4d-481d-9b03-c34591e0a5f2,0.004552,49551
match,buy,BTC-EUR,2021-04-06T09:07:02.522758Z,10920226470,39866821,90f9726d-cc73-4891-a3c2-883a3f5c7693,6084210e-c88b-4899-a66e-bd4c427b6f77,0.00152334,49551
match,sell,BTC-EUR,2021-04-06T09:07:02.678883Z,10920226513,39866822,eb803f55-b279-48e7-99e7-4b799285a729,fe527fd0-a8de-47c1-82c1-f7aeb0956416,0.00066273,49554.24
match,buy,BTC-EUR,2021-04-06T09:07:02.949943Z,10920226554,39866823,90f9726d-cc73-4891-a3c2-883a3f5c7693,4214f1bc-008c-4bf8-afa0-81fce02a4223,0.00502901,49551
match,sell,BTC-EUR,2021-04-06T09:07:02.981869Z,10920226564,39866824,eb803f55-b279-48e7-99e7-4b799285a729,a8879dd1-27af-4e7e-a049-def1b3cbefc4,0.01977734,49554.24
match,buy,BTC-EUR,2021-04-06T09:07:03.701803Z,10920226656,39866825,90f9726d-cc73-4891-a3c2-883a3f5c7693,b1a53680-e2b1-4334-932e-fd74b97459a1,0.00889565,49551
match,buy,BTC-EUR,2021-04-06T09:07:03.750182Z,10920226683,39866826,e770192f-5501-4bf8-9bfc-95ccc086c27b,553242a8-ef67-4681-8a83-4d3390adebab,0.00080325,49550
match,sell,BTC-EUR,2021-04-06T09:07:04.252935Z,10920226821,39866827,31e510b0-fd53-460b-8f05-7093f44213e4,f62bc25b-db97-4bfb-97e4-09695efde0f5,0.00346052,49554.21
match,sell,BTC-EUR,2021-04-06T09:07:04.252935Z,10920226823,39866828,fafd6497-854d-4f4d-bf01-4a8b7323a00c,f62bc25b-db97-4bfb-97e4-09695efde0f5,0.00049473,49554.22
match,sell,BTC-EUR,2021-04-06T09:07:07.692807Z,10920227320,39866829,68a22889-c608-4585-89c1-04eb63c089c2,88d36592-5473-43e7-8660-e58a8f18d47e,0.00075146,49548.43
match,sell,BTC-EUR,2021-04-06T09:07:08.137683Z,10920227412,39866830,23b1e971-5534-414d-89ec-b7861545d361,1171aa7a-d17b-4fe0-b978-c7a722b398cc,0.02122301,49535.06
match,sell,BTC-EUR,2021-04-06T09:07:08.455421Z,10920227486,39866831,0930954f-9ecc-4ed6-aaf8-ec6e9d02e07d,fe8ede9a-bac3-4f32-8158-6fbadaa50cba,0.00096402,49534.48
match,sell,BTC-EUR,2021-04-06T09:07:08.583711Z,10920227510,39866832,c49aefe3-0845-4743-bf67-60155c5fff79,e6bcd7c0-2cee-4328-bed0-955492191f90,0.00135453,49534.47
match,sell,BTC-EUR,2021-04-06T09:07:08.583711Z,10920227512,39866833,0930954f-9ecc-4ed6-aaf8-ec6e9d02e07d,e6bcd7c0-2cee-4328-bed0-955492191f90,0.00038655,49534.48
match,buy,BTC-EUR,2021-04-06T09:07:11.396977Z,10920227745,39866834,71e91d29-7749-4d8f-b161-162a30b42c38,84c8e52f-3e1c-48d2-ac7d-c735a37aa03a,0.000546,49523.24
match,sell,BTC-EUR,2021-04-06T09:07:12.319867Z,10920227934,39866835,0930954f-9ecc-4ed6-aaf8-ec6e9d02e07d,33349c3a-2d3e-40af-9696-98140954d5f7,0.00018109,49534.48
match,sell,BTC-EUR,2021-04-06T09:07:14.652217Z,10920228226,39866836,e1293190-2c01-420e-8735-8c6ff2164950,bf15f10e-3a25-4db4-a7fc-483d85720aa0,0.00193126,49529.41
match,buy,BTC-EUR,2021-04-06T09:07:15.034442Z,10920228261,39866837,71e91d29-7749-4d8f-b161-162a30b42c38,9c3d8879-b8f8-4124-8c42-d178f2a42281,0.0028614,49523.24
match,sell,BTC-EUR,2021-04-06T09:07:24.677488Z,10920229225,39866838,418d115c-db9a-46f7-ae8a-3745623b7af0,2d43af12-734a-41f6-a8cf-e18d6a8aed6d,0.00200862,49537.63
match,buy,BTC-EUR,2021-04-06T09:07:24.709058Z,10920229235,39866839,71e91d29-7749-4d8f-b161-162a30b42c38,bd69e846-2bab-4d5c-85d6-d9071542af75,0.00720197,49523.24
match,buy,BTC-EUR,2021-04-06T09:07:26.351049Z,10920229611,39866840,90b3dd2c-f6d6-47f0-bfa8-721958c53b4b,2ad0dbbe-652b-4026-ad84-79751f2c07d5,0.00147205,49539.3
match,sell,BTC-EUR,2021-04-06T09:07:27.079119Z,10920229646,39866841,3a1cc390-ddb7-4efe-b800-158bd4a2ba45,9b374ff3-14b8-4bee-a9c2-f591b0edd431,0.00965837,49553.53
match,buy,BTC-EUR,2021-04-06T09:07:28.871593Z,10920229831,39866842,89c23e39-5bab-4724-ad0a-38471613b6e7,f89de17a-f581-4fbe-8da1-da4d5712d4dc,0.0554494,49541.19
match,buy,BTC-EUR,2021-04-06T09:07:28.871593Z,10920229833,39866843,a3cb2c25-16c0-4818-b7bf-a682e1a061f6,f89de17a-f581-4fbe-8da1-da4d5712d4dc,0.02254817,49539.29
match,buy,BTC-EUR,2021-04-06T09:07:28.871593Z,10920229835,39866844,f7997114-8b61-4c13-864a-39380947ab38,f89de17a-f581-4fbe-8da1-da4d5712d4dc,0.02891686,49533.76
match,buy,BTC-EUR,2021-04-06T09:07:28.871593Z,10920229837,39866845,2fa19bb0-61f5-4b2b-a11d-268fa6047ba9,f89de17a-f581-4fbe-8da1-da4d5712d4dc,0.1,49533.75
match,buy,BTC-EUR,2021-04-06T09:07:28.871593Z,10920229839,39866846,2271d012-ab18-48ec-98ca-08f88264fb79,f89de17a-f581-4fbe-8da1-da4d5712d4dc,0.54859058,49528.8
match,buy,BTC-EUR,2021-04-06T09:07:28.871593Z,10920229841,39866847,4498bd46-4d70-41b4-913a-e7921623f3e9,f89de17a-f581-4fbe-8da1-da4d5712d4dc,0.16394625,49528.79
match,buy,BTC-EUR,2021-04-06T09:07:28.871593Z,10920229843,39866848,05674769-f118-4fb6-ba4c-6513ae5a4511,f89de17a-f581-4fbe-8da1-da4d5712d4dc,0.17104891,49528.73
match,buy,BTC-EUR,2021-04-06T09:07:28.871593Z,10920229845,39866849,b3dff7a7-0c51-4afb-9954-f152e444881e,f89de17a-f581-4fbe-8da1-da4d5712d4dc,0.3,49525.31
match,buy,BTC-EUR,2021-04-06T09:07:28.871593Z,10920229847,39866850,71e91d29-7749-4d8f-b161-162a30b42c38,f89de17a-f581-4fbe-8da1-da4d5712d4dc,0.0069712,49523.24
match,buy,BTC-EUR,2021-04-06T09:07:28.871593Z,10920229849,39866851,655bc9a7-4500-40d4-ab70-12ae17669abc,f89de17a-f581-4fbe-8da1-da4d5712d4dc,0.07252863,49521.78
match,sell,BTC-EUR,2021-04-06T09:07:29.291363Z,10920229916,39866852,1054d80d-4ee1-41d2-87ae-e98d9ddced7a,fcfaf4b4-b5f0-431f-b2c9-8181900a51cb,0.0200798,49553.52
match,buy,BTC-EUR,2021-04-06T09:07:30.467820Z,10920230096,39866853,87b0d779-c6e6-4968-b01a-685971ca4041,fa6d1664-08a6-4a99-87f8-32ebb33e5ff1,0.04637199,49544.8
match,buy,BTC-EUR,2021-04-06T09:07:30.467820Z,10920230098,39866854,dad54304-5a3d-4f3c-b475-73f17e9bbce3,fa6d1664-08a6-4a99-87f8-32ebb33e5ff1,0.02306902,49542.5
match,buy,BTC-EUR,2021-04-06T09:07:30.467820Z,10920230100,39866855,55a46157-ebfe-4b50-a97f-9f99d339bf78,fa6d1664-08a6-4a99-87f8-32ebb33e5ff1,0.00139743,49536.41
match,sell,BTC-EUR,2021-04-06T09:07:33.342854Z,10920230429,39866856,3a1cc390-ddb7-4efe-b800-158bd4a2ba45,9bdbfa2a-d110-4a82-affc-2abfcfa9e4f7,0.00386234,49553.53
match,buy,BTC-EUR,2021-04-06T09:07:33.346970Z,10920230432,39866857,28de6279-2e7f-4b69-8f2c-fd42334dcdce,31b23b7b-4fe0-4d42-88e2-2078af1ab3a0,0.01873413,49548.72
match,buy,BTC-EUR,2021-04-06T09:07:33.346970Z,10920230434,39866858,a76bb1e0-aa29-4e0c-b54d-8a8676c10074,31b23b7b-4fe0-4d42-88e2-2078af1ab3a0,0.1,49544.49
match,buy,BTC-EUR,2021-04-06T09:07:33.346970Z,10920230436,39866859,aaced814-7561-453f-9613-126c47512979,31b23b7b-4fe0-4d42-88e2-2078af1ab3a0,0.17099646,49544.48
match,buy,BTC-EUR,2021-04-06T09:07:33.346970Z,10920230438,39866860,703f6927-e1ab-402e-91ca-47c845c4ad58,31b23b7b-4fe0-4d42-88e2-2078af1ab3a0,0.01026941,49540.28
match,sell,BTC-EUR,2021-04-06T09:07:36.733742Z,10920230636,39866861,3a1cc390-ddb7-4efe-b800-158bd4a2ba45,87d1a216-092a-4290-8b90-78d49c3519f9,0.00544083,49553.53
match,sell,BTC-EUR,2021-04-06T09:07:37.087041Z,10920230656,39866862,3a1cc390-ddb7-4efe-b800-158bd4a2ba45,38bbe3cd-ca63-4178-8d0e-48265d17d03b,0.00096441,49553.53
match,buy,BTC-EUR,2021-04-06T09:07:37.176142Z,10920230665,39866863,836c59da-caa1-44df-89f1-b4558559d72c,80b792f5-23e2-44e3-9681-abb4ca62f895,0.00192935,49546.39
match,sell,BTC-EUR,2021-04-06T09:07:37.793466Z,10920230740,39866864,3a1cc390-ddb7-4efe-b800-158bd4a2ba45,0fc50550-9185-4af5-ba71-d6edcf2e53d9,0.0010843,49553.53
match,buy,BTC-EUR,2021-04-06T09:07:38.645686Z,10920230835,39866865,7f25c6ef-8154-4100-b1ab-e3e5bcde00e3,ce18d618-cf58-4533-8463-be52ffff9f2b,0.01375971,49540.29
match,buy,BTC-EUR,2021-04-06T09:07:38.645686Z,10920230837,39866866,703f6927-e1ab-402e-91ca-47c845c4ad58,ce18d618-cf58-4533-8463-be52ffff9f2b,0.03733779,49540.28
match,buy,BTC-EUR,2021-04-06T09:07:38.645686Z,10920230839,39866867,23d004ed-ee48-46ce-a333-f69df514faf3,ce18d618-cf58-4533-8463-be52ffff9f2b,0.1,49539.32
match,buy,BTC-EUR,2021-04-06T09:07:38.645686Z,10920230841,39866868,14e97843-bfb2-4d13-bfda-e3e7c975101a,ce18d618-cf58-4533-8463-be52ffff9f2b,0.0489025,49539.31
match,buy,BTC-EUR,2021-04-06T09:07:41.781305Z,10920231241,39866869,3f0c6ea1-18da-4a4b-bf2b-8a0083617dd0,de9eb5bd-ee14-4a88-a12c-746e7a0a7f74,0.005612,49549.19
match,sell,BTC-EUR,2021-04-06T09:07:45.116807Z,10920231585,39866870,e7886662-17bf-4ce3-a62b-88c804569367,c54750c6-65c7-4510-b2d3-192198bb0135,0.00347561,49557.35
match,sell,BTC-EUR,2021-04-06T09:07:47.875138Z,10920231887,39866871,f93ea002-7558-4191-87e6-b31ffda67f62,e74549bf-88ee-4f13-b185-84b24d67642e,0.001009,49553.8
match,buy,BTC-EUR,2021-04-06T09:07:48.105266Z,10920231920,39866872,5ae1c91f-f63c-4ac7-8f9e-78e01e32d131,fa588f12-844e-4f4f-9217-a4d074b8d35c,0.05020307,49550
match,buy,BTC-EUR,2021-04-06T09:07:48.105266Z,10920231922,39866873,6388e56a-9cdf-4661-898d-d097b58e4433,fa588f12-844e-4f4f-9217-a4d074b8d35c,0.01998131,49542.16
match,buy,BTC-EUR,2021-04-06T09:07:48.105266Z,10920231924,39866874,9638f6cd-1447-4cef-83d2-f2bf1ef7ebb5,fa588f12-844e-4f4f-9217-a4d074b8d35c,0.00687986,49534.81
match,buy,BTC-EUR,2021-04-06T09:07:48.105266Z,10920231926,39866875,96edc3a3-2039-4b97-a78f-33790bf9653e,fa588f12-844e-4f4f-9217-a4d074b8d35c,0.05886156,49534.8
match,buy,BTC-EUR,2021-04-06T09:07:48.105266Z,10920231928,39866876,46f518e2-bcee-4d2a-8e01-43c0b596f8b8,fa588f12-844e-4f4f-9217-a4d074b8d35c,0.1710311,49531.73
match,buy,BTC-EUR,2021-04-06T09:07:48.105266Z,10920231930,39866877,b8c6d049-10f6-4c03-9e80-b28e1ccb3a0e,fa588f12-844e-4f4f-9217-a4d074b8d35c,0.17179508,49528.33
match,buy,BTC-EUR,2021-04-06T09:07:48.105266Z,10920231932,39866878,e4eccf5e-d8f4-4dde-8bbb-ebaf4a6e121d,fa588f12-844e-4f4f-9217-a4d074b8d35c,0.01124802,49524.73
match,buy,BTC-EUR,2021-04-06T09:07:51.426351Z,10920232471,39866879,11cc1313-7136-4afe-8545-30ea41d62904,9b0ee3b5-735c-44b7-b3f3-abe23ca1e487,0.00025919,49538.97
match,buy,BTC-EUR,2021-04-06T09:07:52.185883Z,10920232582,39866880,11cc1313-7136-4afe-8545-30ea41d62904,2e1d57df-8318-4ac5-ad3e-659fb92d0c10,0.01,49538.97
match,sell,BTC-EUR,2021-04-06T09:07:55.279954Z,10920232977,39866881,a4a7c57d-2fc7-403f-bc57-597f85840485,63dd6e4b-0894-4626-9a6d-2403a1e23c2b,0.00811856,49557.39
match,buy,BTC-EUR,2021-04-06T09:07:56.934202Z,10920233158,39866882,0cf0395e-5ae3-4d53-8586-7150a01dacc0,517f3aa4-6e69-4f6d-9d83-e813322ddbe2,0.00641,49547.22
match,buy,BTC-EUR,2021-04-06T09:07:57.057074Z,10920233189,39866883,06ada0a7-b972-4dd4-b6a3-110a1e8d8f7d,9da9112b-9a87-4ab2-870e-06dcaa215262,0.00343993,49539.29
match,buy,BTC-EUR,2021-04-06T09:07:57.057074Z,10920233191,39866884,b87c5772-7318-4d08-b520-f68e3bce91ca,9da9112b-9a87-4ab2-870e-06dcaa215262,0.17098662,49539.28
match,buy,BTC-EUR,2021-04-06T09:07:57.057074Z,10920233193,39866885,e2e81475-d1a9-4f27-88a8-61841a4c9fdb,9da9112b-9a87-4ab2-870e-06dcaa215262,0.1710034,49534.68
match,buy,BTC-EUR,2021-04-06T09:07:57.057074Z,10920233195,39866886,970bcc69-6f8a-4313-a418-65ca6b41d735,9da9112b-9a87-4ab2-870e-06dcaa215262,0.05229345,49533.1
match,sell,BTC-EUR,2021-04-06T09:07:58.666273Z,10920233517,39866887,0431f229-f032-4ac3-a946-c5b84984959e,623cf785-7831-4b52-83c6-ad0a2597c26b,0.00066621,49554.84
match,sell,BTC-EUR,2021-04-06T09:08:01.647068Z,10920233845,39866888,60176240-7511-4399-a108-c41b4e084381,90b5b75c-e837-421e-aed7-3dfd71291b2e,0.00018092,49549.2
match,sell,BTC-EUR,2021-04-06T09:08:01.650776Z,10920233848,39866889,60176240-7511-4399-a108-c41b4e084381,d462f7e5-2220-4cd9-8483-568c203dd7bc,0.00193087,49549.2
match,buy,BTC-EUR,2021-04-06T09:08:01.739046Z,10920233852,39866890,73b6d8e8-dfae-482b-a1d1-338d0574619a,effa37ce-aede-418d-8a9b-7bc9324f3234,0.02239401,49534.77
match,buy,BTC-EUR,2021-04-06T09:08:01.739046Z,10920233854,39866891,03a9446f-72d0-46ee-9b00-0e93e82ce7a7,effa37ce-aede-418d-8a9b-7bc9324f3234,0.00205307,49530.26
match,buy,BTC-EUR,2021-04-06T09:08:01.739046Z,10920233856,39866892,39d51dee-da7e-419c-bfbd-53e301feb683,effa37ce-aede-418d-8a9b-7bc9324f3234,0.17101262,49530.25
match,buy,BTC-EUR,2021-04-06T09:08:01.739046Z,10920233858,39866893,411e1870-398d-4e66-9042-4caf8d2c6f67,effa37ce-aede-418d-8a9b-7bc9324f3234,0.0551,49528.23
match,buy,BTC-EUR,2021-04-06T09:08:01.739046Z,10920233860,39866894,e55d64cd-e758-4e23-a9c7-a0e2c1bcc256,effa37ce-aede-418d-8a9b-7bc9324f3234,0.17102123,49523.86
match,buy,BTC-EUR,2021-04-06T09:08:01.739046Z,10920233862,39866895,e658c4d8-ea3a-4c89-9023-87c61d69531f,effa37ce-aede-418d-8a9b-7bc9324f3234,0.17487606,49522.8
match,buy,BTC-EUR,2021-04-06T09:08:01.739046Z,10920233864,39866896,edc88be6-17e1-4179-9b58-67da0fa62fd9,effa37ce-aede-418d-8a9b-7bc9324f3234,0.51977236,49521.36
match,buy,BTC-EUR,2021-04-06T09:08:01.739046Z,10920233866,39866897,9ed5aae8-de1f-40ed-8d9c-a6e59eaa6d33,effa37ce-aede-418d-8a9b-7bc9324f3234,0.29097946,49521.34
match,buy,BTC-EUR,2021-04-06T09:08:01.739046Z,10920233868,39866898,6d253dc7-dc73-483e-ae55-a0b8302494a8,effa37ce-aede-418d-8a9b-7bc9324f3234,0.04279119,49520.38
match,sell,BTC-EUR,2021-04-06T09:08:03.810608Z,10920234141,39866899,809ae72d-eff7-4f72-b667-1d9628b48e9a,cf9331bc-2b27-44e0-ac92-a57084e57fda,0.00198891,49548.91
match,sell,BTC-EUR,2021-04-06T09:08:04.138873Z,10920234169,39866900,13a60783-ccac-4d0b-84a9-801e4f5d32b3,32f52f82-cbeb-4b1c-a325-ce62d11d5cc3,0.00301928,49548.87
match,buy,BTC-EUR,2021-04-06T09:08:08.211354Z,10920234615,39866901,54e0abb4-2bd2-4a7a-a133-e722e10a68fe,bd9e64f2-fe05-44af-880c-cdcdc4e7d9b7,0.02,49550.63
match,buy,BTC-EUR,2021-04-06T09:08:08.499078Z,10920234646,39866902,54e0abb4-2bd2-4a7a-a133-e722e10a68fe,cbab13dc-c723-43f1-b99e-4919cd361035,0.00051921,49550.63
match,buy,BTC-EUR,2021-04-06T09:08:08.499078Z,10920234648,39866903,34f80336-2aac-4b04-9cb0-b7e204fed023,cbab13dc-c723-43f1-b99e-4919cd361035,0.00208243,49537.74
match,buy,BTC-EUR,2021-04-06T09:08:08.499078Z,10920234650,39866904,de804831-006c-47cf-8677-2c643b9a4b03,cbab13dc-c723-43f1-b99e-4919cd361035,0.04810307,49537.73
match,buy,BTC-EUR,2021-04-06T09:08:08.499078Z,10920234652,39866905,83578407-18ef-4c61-b3ac-eac39dbb1e40,cbab13dc-c723-43f1-b99e-4919cd361035,0.05929529,49537.5
match,sell,BTC-EUR,2021-04-06T09:08:09.563509Z,10920234803,39866906,f3831d40-9015-4939-83ee-a77e861ddc35,53c99080-662c-4aa0-9f1d-a1c313735191,0.00056249,49554.15
match,sell,BTC-EUR,2021-04-06T09:08:09.952167Z,10920234852,39866907,f3831d40-9015-4939-83ee-a77e861ddc35,ac767a65-b9df-40bd-bb97-c25d4bc16436,0.00018092,49554.15
match,buy,BTC-EUR,2021-04-06T09:08:09.982310Z,10920234855,39866908,19aa9a5f-375b-4e5c-a06b-d1b2f62e2306,c1c749de-518a-4552-8ae3-5cdeed681c55,0.02152749,49553.73
match,buy,BTC-EUR,2021-04-06T09:08:09.982310Z,10920234857,39866909,faab2434-3d41-4e1a-88a1-17a4774d2238,c1c749de-518a-4552-8ae3-5cdeed681c55,0.00104121,49537.51
match,buy,BTC-EUR,2021-04-06T09:08:09.982310Z,10920234859,39866910,83578407-18ef-4c61-b3ac-eac39dbb1e40,c1c749de-518a-4552-8ae3-5cdeed681c55,0.1074313,49537.5
match,buy,BTC-EUR,2021-04-06T09:08:10.053733Z,10920234891,39866911,ae17d9aa-dab2-461d-9b19-4d0be7139ce3,78e4f20f-15bd-479c-a444-7729064d4866,0.05,49542.18
match,buy,BTC-EUR,2021-04-06T09:08:10.402132Z,10920234914,39866912,ae17d9aa-dab2-461d-9b19-4d0be7139ce3,c698f33e-3e32-4aba-be32-70a6b473a1cb,0.12,49542.18
match,buy,BTC-EUR,2021-04-06T09:08:12.194572Z,10920235037,39866913,2de8af21-daf4-4cba-a736-20514a6e647d,b7e852e5-3ab1-4024-8009-f4537bd2cc84,0.02,49553.76
match,sell,BTC-EUR,2021-04-06T09:08:13.367371Z,10920235147,39866914,f3831d40-9015-4939-83ee-a77e861ddc35,045004c2-36e4-4d0f-9525-28ac3a8bfdd6,0.00040244,49554.15
match,sell,BTC-EUR,2021-04-06T09:08:13.984350Z,10920235183,39866915,f3831d40-9015-4939-83ee-a77e861ddc35,4f70bbaa-e453-43ba-b9f6-3414132f565e,0.00965465,49554.15
match,sell,BTC-EUR,2021-04-06T09:08:14.654259Z,10920235224,39866916,f3831d40-9015-4939-83ee-a77e861ddc35,a848c1d6-b469-4683-a7f5-334dfd4df79e,0.00037167,49554.15
match,sell,BTC-EUR,2021-04-06T09:08:14.899153Z,10920235239,39866917,f3831d40-9015-4939-83ee-a77e861ddc35,5937098f-cf0a-48f9-b4d8-8ddd3bc3eb94,0.00193082,49554.15
match,sell,BTC-EUR,2021-04-06T09:08:14.927597Z,10920235245,39866918,f3831d40-9015-4939-83ee-a77e861ddc35,c302297f-552a-47af-93dd-bd93d6a36481,0.00020109,49554.15
match,sell,BTC-EUR,2021-04-06T09:08:18.464499Z,10920235724,39866919,208ee850-a4d2-407d-9d33-d076e525d4d7,c7b76dc5-4cfb-4ab1-9750-97e0a28376c7,0.00802966,49567.42
match,sell,BTC-EUR,2021-04-06T09:08:19.105686Z,10920235787,39866920,2142d7a9-dd65-4e31-aafa-d6ea557a4382,4ba97219-ed68-43c0-9339-979540841c53,0.00018092,49568
match,sell,BTC-EUR,2021-04-06T09:08:19.779150Z,10920235835,39866921,48f9cc31-2e1a-4960-b3bf-54f48567c6ce,bf491072-1f1d-4bbf-b759-ef89b4d409b8,0.000964,49568.17
match,buy,BTC-EUR,2021-04-06T09:08:21.025447Z,10920235917,39866922,b0a7c4e4-fbc0-402f-948e-25905f377ac5,68c73fbd-9900-4f2c-bba1-97ecd07ade8a,0.0218946,49557.64
match,buy,BTC-EUR,2021-04-06T09:08:21.025447Z,10920235919,39866923,8c34ae49-2fde-44ba-af4e-abb845fe7dc2,68c73fbd-9900-4f2c-bba1-97ecd07ade8a,0.00104122,49545.73
match,buy,BTC-EUR,2021-04-06T09:08:21.025447Z,10920235921,39866924,7ca406e2-b9e7-4fba-a2b6-fa689912446e,68c73fbd-9900-4f2c-bba1-97ecd07ade8a,0.15385395,49545.72
match,buy,BTC-EUR,2021-04-06T09:08:21.025447Z,10920235923,39866925,66a4a40d-6a88-4715-8dce-158e3cde00c4,68c73fbd-9900-4f2c-bba1-97ecd07ade8a,0.02321023,49542.7
match,sell,BTC-EUR,2021-04-06T09:08:22.136858Z,10920236134,39866926,1a98b275-33b0-4206-b514-d8aede503682,8d04e975-60ce-49f4-ab09-32c6fd34f141,0.00047207,49567.78
match,sell,BTC-EUR,2021-04-06T09:08:22.426590Z,10920236206,39866927,7882bf6e-b9ff-4fe1-a1b1-8b65b5cb18ee,b33b2031-3b81-4fb8-ae0e-69f4e3428eb9,0.0012,49563.72
match,sell,BTC-EUR,2021-04-06T09:08:26.028347Z,10920236653,39866928,1791477e-1c6c-4f3b-9bfe-80ed01d198ac,c2fb3489-c681-4e90-ae94-c35dcf13692f,0.00041183,49567.14
match,sell,BTC-EUR,2021-04-06T09:08:29.841653Z,10920236868,39866929,ea24fb80-1783-4d74-816f-3156fb1f0a7a,924a3567-82f8-443a-bfca-d7328bd7e3b9,0.00501884,49564.46
match,sell,BTC-EUR,2021-04-06T09:08:29.845115Z,10920236871,39866930,ea24fb80-1783-4d74-816f-3156fb1f0a7a,9f3a8039-8ec8-4e4d-bbd6-a50e48c978f3,0.1261217,49564.46
match,sell,BTC-EUR,2021-04-06T09:08:29.879317Z,10920236883,39866931,ea24fb80-1783-4d74-816f-3156fb1f0a7a,0e1ac0e1-d5ad-42a0-a914-043e1b387ac2,0.03980484,49564.46
match,buy,BTC-EUR,2021-04-06T09:08:37.677641Z,10920237852,39866932,56d67bac-c52f-4aa1-85f6-97838db21358,5025c316-b880-4c85-abbc-35e468fd2a4b,0.1537916,49564.07
match,buy,BTC-EUR,2021-04-06T09:08:37.677641Z,10920237854,39866933,5488b636-b78c-4fba-92be-cfefff0076f4,5025c316-b880-4c85-abbc-35e468fd2a4b,0.02241591,49564.02
match,buy,BTC-EUR,2021-04-06T09:08:37.677641Z,10920237856,39866934,0d86d917-bdf8-46f7-8639-cc76a96ae7e6,5025c316-b880-4c85-abbc-35e468fd2a4b,0.15380171,49559.92
match,buy,BTC-EUR,2021-04-06T09:08:37.677641Z,10920237858,39866935,486ac21f-80e7-48ee-81a0-4ee2aa0b6539,5025c316-b880-4c85-abbc-35e468fd2a4b,0.00401483,49552.93
match,buy,BTC-EUR,2021-04-06T09:08:37.677641Z,10920237860,39866936,3d282e65-9685-47d1-a402-87eb1e8ffeb7,5025c316-b880-4c85-abbc-35e468fd2a4b,0.05300415,49552.92
match,buy,BTC-EUR,2021-04-06T09:08:37.677641Z,10920237862,39866937,f4ac1bdb-d224-40fa-95db-35c2af418d7d,5025c316-b880-4c85-abbc-35e468fd2a4b,0.1929718,49550.71
match,sell,BTC-EUR,2021-04-06T09:08:41.927250Z,10920238347,39866938,9805b124-e886-4bf0-84ed-38d66f866b8f,bbb83fac-ab67-4064-9161-58891b85e60e,0.015,49568.05
match,sell,BTC-EUR,2021-04-06T09:08:41.927250Z,10920238349,39866939,ec817e99-17a9-4e81-bb1f-4f52dd9cee81,bbb83fac-ab67-4064-9161-58891b85e60e,0.00507305,49576.45
match,buy,BTC-EUR,2021-04-06T09:08:44.323510Z,10920238622,39866940,f7554d5d-fdd7-41d1-9de8-2b03037c8b8a,15d04e9c-294b-48d6-a14c-7d9f9709901d,0.01013966,49555.3
match,buy,BTC-EUR,2021-04-06T09:08:45.281107Z,10920238700,39866941,f7554d5d-fdd7-41d1-9de8-2b03037c8b8a,5a4c2872-2a27-4efa-83dc-7cfa723ff3c6,0.00411705,49555.3
match,buy,BTC-EUR,2021-04-06T09:08:47.037546Z,10920238859,39866942,79328e95-92f3-4bba-90c6-a0cf001f7edb,32f5d43c-8da6-41f7-b9d9-404249e62a0d,0.01806782,49555.29
match,buy,BTC-EUR,2021-04-06T09:08:47.037546Z,10920238861,39866943,1bb06848-a389-4e5b-a223-3adae51a4303,32f5d43c-8da6-41f7-b9d9-404249e62a0d,0.15380592,49552.63
match,buy,BTC-EUR,2021-04-06T09:08:51.687460Z,10920239262,39866944,b3a0598b-8b0d-4241-a180-5f202d542c4e,4127e13b-a721-4385-ad9b-aac0491dd02e,0.0187554,49554.23
match,buy,BTC-EUR,2021-04-06T09:08:51.687460Z,10920239264,39866945,90705fde-8ccf-4850-bb96-3178aa8b92b3,4127e13b-a721-4385-ad9b-aac0491dd02e,0.0212446,49552.63
match,sell,BTC-EUR,2021-04-06T09:08:51.899208Z,10920239284,39866946,b3eb842d-8601-49fd-957b-309da7920692,f93afb8d-9e25-4fe6-a4fc-c75447c80cd5,0.00813407,49568.33
match,sell,BTC-EUR,2021-04-06T09:08:51.944196Z,10920239299,39866947,3d52a919-1293-4032-a71b-10e5b75d3402,b01d9af9-0ae9-42ad-b1ac-c54afbb403ba,0.02578621,49568.32
match,sell,BTC-EUR,2021-04-06T09:08:51.944196Z,10920239301,39866948,b3eb842d-8601-49fd-957b-309da7920692,b01d9af9-0ae9-42ad-b1ac-c54afbb403ba,0.05685156,49568.33
match,sell,BTC-EUR,2021-04-06T09:08:51.944196Z,10920239303,39866949,aec2e0a4-611e-4f7a-9145-0d21962b1fcb,b01d9af9-0ae9-42ad-b1ac-c54afbb403ba,0.02195519,49572.12
match,sell,BTC-EUR,2021-04-06T09:08:51.944196Z,10920239305,39866950,f4554ebb-67c1-4846-afba-7dde09f71141,b01d9af9-0ae9-42ad-b1ac-c54afbb403ba,0.05444361,49572.6
match,sell,BTC-EUR,2021-04-06T09:08:51.944196Z,10920239307,39866951,824beb10-a70f-424b-9ef9-452e7c3517ce,b01d9af9-0ae9-42ad-b1ac-c54afbb403ba,0.53452767,49574.45
match,sell,BTC-EUR,2021-04-06T09:08:51.944196Z,10920239309,39866952,14b61119-d6d6-4b70-b335-2c2527aa3c5d,b01d9af9-0ae9-42ad-b1ac-c54afbb403ba,0.09759751,49574.56
match,sell,BTC-EUR,2021-04-06T09:08:54.396516Z,10920239469,39866953,d41a9a4d-6978-43e8-9bd3-0e778515c77b,938f356f-8a67-4685-9e17-f7bacca80476,0.00240862,49573.06
match,sell,BTC-EUR,2021-04-06T09:08:58.009660Z,10920239596,39866954,40c779f1-7186-4f07-b759-51625ef99b2a,48dcd324-7cbc-4f6e-bec1-0169725b35ad,0.00018087,49569.95
match,sell,BTC-EUR,2021-04-06T09:08:59.084860Z,10920239657,39866955,145e62f9-98b6-4517-b4f7-b1d65d4fcfb5,9b14ce9a-263e-4a27-a535-32f066761acd,0.0019303,49569.94
match,sell,BTC-EUR,2021-04-06T09:08:59.359126Z,10920239666,39866956,145e62f9-98b6-4517-b4f7-b1d65d4fcfb5,7916c2b3-001d-4deb-848c-b14258543b04,0.0109628,49569.94
match,sell,BTC-EUR,2021-04-06T09:08:59.359126Z,10920239668,39866957,40c779f1-7186-4f07-b759-51625ef99b2a,7916c2b3-001d-4deb-848c-b14258543b04,0.00189362,49569.95
match,buy,BTC-EUR,2021-04-06T09:08:59.526737Z,10920239685,39866958,c9493f06-c40a-43ee-8a8f-db07a5ed6e26,22b1fead-561f-4c4d-b340-dbcfd6b3af8d,0.54968324,49552.67
match,buy,BTC-EUR,2021-04-06T09:08:59.526737Z,10920239687,39866959,53844855-2d4e-47a2-be98-ab918571cbd8,22b1fead-561f-4c4d-b340-dbcfd6b3af8d,0.02388359,49552.66
match,buy,BTC-EUR,2021-04-06T09:08:59.526737Z,10920239689,39866960,925fe3dc-285e-4571-b8d9-fd8e0ee3ee6b,22b1fead-561f-4c4d-b340-dbcfd6b3af8d,0.35643317,49552.65
match,buy,BTC-EUR,2021-04-06T09:09:02.043270Z,10920240084,39866961,eff410e7-aa39-4d67-8595-2d9fde739a28,6e36bd61-a1ce-47c0-afef-90fc102ad1bc,0.01,49543.95
match,sell,BTC-EUR,2021-04-06T09:09:02.248722Z,10920240096,39866962,71f6100a-f01c-48d7-99dc-89e22127e556,d8bf336a-f180-4be0-8fb5-cb62f0eb2811,0.00466079,49562.13
match,sell,BTC-EUR,2021-04-06T09:09:06.619645Z,10920240534,39866963,94469450-9474-4ff5-b45f-d71db4acd179,127ec7f1-ae12-47c6-97d7-903c0624f430,0.00193024,49561.7
match,sell,BTC-EUR,2021-04-06T09:09:07.063122Z,10920240613,39866964,e5129c32-9c20-4600-91c0-241cbd6b4307,f8275373-a2ee-4129-8834-eeb22982bde2,0.00096371,49562.18
match,sell,BTC-EUR,2021-04-06T09:09:10.594328Z,10920240995,39866965,4575d766-6b0d-4b01-8924-c4058fc05516,6c62e4b8-598f-4dad-9839-f1b34314eb9d,0.00181293,49563.54
match,sell,BTC-EUR,2021-04-06T09:09:11.860537Z,10920241151,39866966,3fd09369-234b-4064-be19-f63482991c1b,d416eaf5-83b1-47a4-85af-01de718292e7,0.01790649,49568.07
match,sell,BTC-EUR,2021-04-06T09:09:11.860537Z,10920241153,39866967,ffcb1cea-239a-42a8-b644-0b9030bbcca5,d416eaf5-83b1-47a4-85af-01de718292e7,0.00140051,49568.08
match,buy,BTC-EUR,2021-04-06T09:09:12.129813Z,10920241174,39866968,20adadc4-5513-4f04-9112-65ad232e3ceb,c78814d7-c961-4939-aa0c-c6824b649fe3,0.000682,49555.32
match,buy,BTC-EUR,2021-04-06T09:09:12.725528Z,10920241207,39866969,360cf754-cb01-40e7-b2c2-f5d086856fd4,7fe9c587-343b-4ced-8cec-15175baccf65,0.25,49553.77
match,buy,BTC-EUR,2021-04-06T09:09:12.725528Z,10920241209,39866970,612feaee-ce48-4c9b-af85-505b0aaa1953,7fe9c587-343b-4ced-8cec-15175baccf65,0.00200816,49553.76
match,buy,BTC-EUR,2021-04-06T09:09:12.725528Z,10920241211,39866971,9d91bc62-20e3-445e-92c9-155bb85bdacb,7fe9c587-343b-4ced-8cec-15175baccf65,0.15382373,49552.03
match,buy,BTC-EUR,2021-04-06T09:09:12.725528Z,10920241213,39866972,d9c85efb-3998-4297-96d6-fcd61ede3d0f,7fe9c587-343b-4ced-8cec-15175baccf65,0.14416811,49549.09
match,sell,BTC-EUR,2021-04-06T09:09:16.831698Z,10920241498,39866973,5c12c4db-ed97-4bc6-8787-36bfa1f86676,135a3336-ffea-4886-95ce-8b9d86436f79,0.00018087,49568.83
match,sell,BTC-EUR,2021-04-06T09:09:17.972442Z,10920241573,39866974,5c12c4db-ed97-4bc6-8787-36bfa1f86676,958f0bf8-bbba-4900-af73-7e7ba208e1ac,0.00877238,49568.83
match,sell,BTC-EUR,2021-04-06T09:09:17.972442Z,10920241575,39866975,e74c3cf0-6fda-4e0e-a9c3-99e2b64f66d8,958f0bf8-bbba-4900-af73-7e7ba208e1ac,0.00072277,49568.84
match,buy,BTC-EUR,2021-04-06T09:09:18.370820Z,10920241596,39866976,1152706d-daa0-45ed-bc04-3de6f622e978,48af08b9-fd6d-4990-bfc9-a65d18cfc15c,0.02237444,49556.93
match,buy,BTC-EUR,2021-04-06T09:09:18.370820Z,10920241598,39866977,47c22328-6bd9-43a6-b92f-5aaac7afc507,48af08b9-fd6d-4990-bfc9-a65d18cfc15c,0.23,49555.73
match,buy,BTC-EUR,2021-04-06T09:09:18.370820Z,10920241600,39866978,68a7de3c-a649-457c-b212-d7e6bc9e5ee9,48af08b9-fd6d-4990-bfc9-a65d18cfc15c,0.00762556,49555.72
match,buy,BTC-EUR,2021-04-06T09:09:18.672738Z,10920241618,39866979,68a7de3c-a649-457c-b212-d7e6bc9e5ee9,edc9f145-20cf-456f-b3c3-39b434c1c538,0.04,49555.72
match,sell,BTC-EUR,2021-04-06T09:09:19.370658Z,10920241666,39866980,a71211e8-92c8-44de-94a3-13154b6a7d0e,5bf1c8a8-d718-4c34-bc56-d5aace9d7a4a,0.00447662,49568.81
match,sell,BTC-EUR,2021-04-06T09:09:19.370658Z,10920241668,39866981,f7523229-48b9-4baa-a6ee-80ff22884bb9,5bf1c8a8-d718-4c34-bc56-d5aace9d7a4a,0.00131524,49568.81
match,buy,BTC-EUR,2021-04-06T09:09:20.644136Z,10920241756,39866982,a4de5ba9-f28f-4ab6-b62e-e20293b010b5,def84ef3-4c40-45a6-bc79-a21a2d7d9d46,0.00488,49557.1
match,sell,BTC-EUR,2021-04-06T09:09:21.050726Z,10920241785,39866983,f7523229-48b9-4baa-a6ee-80ff22884bb9,d812ff4e-054b-49df-a43d-69f278e523ac,0.01802582,49568.81
match,buy,BTC-EUR,2021-04-06T09:09:22.501344Z,10920241909,39866984,a4de5ba9-f28f-4ab6-b62e-e20293b010b5,e8eec971-dac9-43e1-b8f5-854184718161,0.14892885,49557.1
match,buy,BTC-EUR,2021-04-06T09:09:22.501344Z,10920241911,39866985,530e6f08-d0ff-4940-88ec-01cdc5f5da34,e8eec971-dac9-43e1-b8f5-854184718161,0.01798659,49554.23
match,buy,BTC-EUR,2021-04-06T09:09:22.501344Z,10920241913,39866986,c878b4a4-b058-4f24-9187-ca1203f1bdb9,e8eec971-dac9-43e1-b8f5-854184718161,0.02809183,49552.04
match,buy,BTC-EUR,2021-04-06T09:09:22.501344Z,10920241915,39866987,24547f32-11f9-4d23-9dc1-311d871cfe04,e8eec971-dac9-43e1-b8f5-854184718161,0.15382373,49552.03
match,buy,BTC-EUR,2021-04-06T09:09:22.501344Z,10920241917,39866988,dc3f5704-9a60-41bc-9103-7f68e06a7775,e8eec971-dac9-43e1-b8f5-854184718161,0.051169,49551.66
match,buy,BTC-EUR,2021-04-06T09:09:24.816758Z,10920242187,39866989,690dc493-56bc-4249-b138-43adeb7da45d,0e315912-0897-4723-9f18-da0f927964e8,0.01404592,49557.6
match,buy,BTC-EUR,2021-04-06T09:09:24.816758Z,10920242189,39866990,c6d2e22f-4284-41e9-88ed-24934b9fb1b7,0e315912-0897-4723-9f18-da0f927964e8,0.00526108,49557.59
match,sell,BTC-EUR,2021-04-06T09:09:26.572248Z,10920242506,39866991,eeb43fe6-522f-4abf-ab67-f8f3cdaf0ebc,9d35603c-7461-4838-a209-bd6080e66c85,0.00395425,49585.05
match,buy,BTC-EUR,2021-04-06T09:09:27.525598Z,10920242627,39866992,0a303493-3977-49ef-a7fd-b6c8c35c51f5,79daed94-b844-4d4e-8b38-c0261d890da5,0.13666097,49575.47
match,buy,BTC-EUR,2021-04-06T09:09:27.525598Z,10920242629,39866993,b589b3d5-86b2-47a2-bfd9-678ae351e9d3,79daed94-b844-4d4e-8b38-c0261d890da5,0.13667484,49570.16
match,sell,BTC-EUR,2021-04-06T09:09:28.828634Z,10920242842,39866994,eb908372-4de3-4efa-8c82-8c2518119de7,cab34b39-0ec4-4d2e-812c-920f0160d5cb,0.01103021,49582.96
match,sell,BTC-EUR,2021-04-06T09:09:28.882482Z,10920242855,39866995,eb908372-4de3-4efa-8c82-8c2518119de7,5e6be150-2f6d-474b-9ffb-e603e8353889,0.00501696,49582.96
match,buy,BTC-EUR,2021-04-06T09:09:30.369761Z,10920243009,39866996,f0559393-11e4-432e-9331-099036c2a1c0,1cb678d8-b3e2-4169-802f-b31cdb3845ff,0.1,49573.25
match,sell,BTC-EUR,2021-04-06T09:09:30.405919Z,10920243023,39866997,1f598e30-ce83-4ee7-9287-39b87faf4ccf,2f36589a-fd46-4f8e-9dfb-63e2221b6b96,0.00192962,49583.96
match,sell,BTC-EUR,2021-04-06T09:09:31.949011Z,10920243220,39866998,f237c40c-55b5-4213-b832-e44438749e93,7537d112-1421-4fca-873b-429cd9108a88,0.00204787,49583.84
match,buy,BTC-EUR,2021-04-06T09:09:32.268993Z,10920243279,39866999,f0559393-11e4-432e-9331-099036c2a1c0,dbd657b9-401b-4aaa-9e97-af4bf996a941,0.00192962,49573.25
match,buy,BTC-EUR,2021-04-06T09:09:33.060342Z,10920243364,39867000,1507b0f1-808f-46e4-8eba-7df989f407bd,325ffef1-ef38-4ef0-9cae-cd5b0217f64e,0.00608566,49565.7
match,sell,BTC-EUR,2021-04-06T09:09:40.644685Z,10920244196,39867001,3c7f829e-dfc0-48a3-8878-f69c72014009,3c37d67e-72fe-432e-9c7f-1de81dd021e8,0.00214742,49576.06
match,sell,BTC-EUR,2021-04-06T09:09:41.752222Z,10920244292,39867002,34c3c91e-0c20-45c4-8d6d-6f8b1750f7b6,985c3d71-4c84-42da-9d57-6f1cc857cc5a,0.00020168,49576.06
match,sell,BTC-EUR,2021-04-06T09:09:42.278883Z,10920244335,39867003,34c3c91e-0c20-45c4-8d6d-6f8b1750f7b6,ad095da3-a5dd-4443-9fde-6b23580d34e7,0.0030106,49576.06
match,buy,BTC-EUR,2021-04-06T09:09:46.436436Z,10920244628,39867004,4cd99b3d-43d1-4418-8ff9-f16510fa532e,86bde46f-edc0-4ac1-a9e2-ae7bdc9dd00c,0.13,49564.83
match,sell,BTC-EUR,2021-04-06T09:09:47.867539Z,10920244848,39867005,c42ed4c6-fdeb-4e9e-9c27-647083e918cd,141eb27c-222a-4120-8717-c509479db134,0.00863788,49576.04
match,sell,BTC-EUR,2021-04-06T09:09:47.867539Z,10920244850,39867006,d7f98984-a46b-45ba-8556-bd1b8808bd03,141eb27c-222a-4120-8717-c509479db134,0.00054927,49576.04
match,sell,BTC-EUR,2021-04-06T09:09:52.237239Z,10920245237,39867007,6e4faae0-5753-4b26-a07b-70bec6dbed49,8774ed29-44de-4b2d-9a50-e05b2c64ab08,0.00096359,49576.06
match,sell,BTC-EUR,2021-04-06T09:09:52.657537Z,10920245262,39867008,6e4faae0-5753-4b26-a07b-70bec6dbed49,8ef1c2bf-7e99-44ec-ac2a-459414d92c7c,0.00335535,49576.06
match,sell,BTC-EUR,2021-04-06T09:09:52.657537Z,10920245264,39867009,e4922f6d-4fe7-4687-bd8e-a6e04192de97,8ef1c2bf-7e99-44ec-ac2a-459414d92c7c,0.0203092,49576.07
match,sell,BTC-EUR,2021-04-06T09:09:52.657537Z,10920245266,39867010,70f1fce0-8d2e-4613-a10d-d1996222a7c7,8ef1c2bf-7e99-44ec-ac2a-459414d92c7c,0.02533545,49583.86
match,sell,BTC-EUR,2021-04-06T09:09:53.561434Z,10920245400,39867011,de8ca457-65d6-44ea-9887-8bcfddef055c,7dc4cdac-03f7-4e81-b3f6-85e568be1644,0.00215947,49580.65
match,sell,BTC-EUR,2021-04-06T09:09:53.561434Z,10920245402,39867012,c4f1bf1e-58a8-4c3d-8fd4-484e16a83940,7dc4cdac-03f7-4e81-b3f6-85e568be1644,0.00563613,49580.66
match,sell,BTC-EUR,2021-04-06T09:09:55.321456Z,10920245601,39867013,5d0cae4c-52f3-4a2a-acc6-dddfb8407612,df3bae9a-f2f9-4200-99bb-732a1d8f385c,0.01977604,49583.96
match,sell,BTC-EUR,2021-04-06T09:09:56.143787Z,10920245710,39867014,934f861f-549d-4031-abce-a0b2060f6370,ac01d429-8e1e-4f03-83a7-2f14e9ec6ef1,0.00107974,49579.92
match,sell,BTC-EUR,2021-04-06T09:09:56.143787Z,10920245712,39867015,76ab05e1-cad5-46a8-b94a-d18c1c773653,ac01d429-8e1e-4f03-83a7-2f14e9ec6ef1,0.01032061,49579.93
match,buy,BTC-EUR,2021-04-06T09:09:57.350901Z,10920245811,39867016,a43b5b74-463f-4228-b051-5d00f147a729,bc6039e8-f8c0-4159-9dda-667fb8eebd96,0.15373021,49569.52
match,buy,BTC-EUR,2021-04-06T09:09:57.350901Z,10920245813,39867017,4d5ac904-a078-4e3d-9f7a-13f9654e4773,bc6039e8-f8c0-4159-9dda-667fb8eebd96,0.07159285,49566.97
match,buy,BTC-EUR,2021-04-06T09:09:57.350901Z,10920245815,39867018,48e1f073-4c26-43e3-a9e7-bf0379592775,bc6039e8-f8c0-4159-9dda-667fb8eebd96,0.20467694,49566.96
match,sell,BTC-EUR,2021-04-06T09:09:58.757803Z,10920245935,39867019,56526b6d-1fdf-48e9-91c8-37dfb9fb57e1,911f6b1d-f069-439c-b892-12ca1885a8ee,0.00050243,49583.83
match,sell,BTC-EUR,2021-04-06T09:09:59.669386Z,10920245978,39867020,29861702-4a4c-46f2-9c87-531f13be43f0,0b8addeb-83f1-4591-8035-22f423d061fe,0.00482768,49581
match,sell,BTC-EUR,2021-04-06T09:09:59.893574Z,10920245988,39867021,29861702-4a4c-46f2-9c87-531f13be43f0,0dad3f61-9606-401e-8f7e-6cbb42213561,0.005801,49581
match,buy,BTC-EUR,2021-04-06T09:10:00.787038Z,10920246028,39867022,cdafba79-b2ef-408c-98e7-28c1ba874401,1e14c8d3-555e-49c0-b17e-d951a369166b,0.01736291,49569.52
match,buy,BTC-EUR,2021-04-06T09:10:00.848893Z,10920246031,39867023,cdafba79-b2ef-408c-98e7-28c1ba874401,993838a5-9577-48f4-a704-b8d9df9d05ef,0.02893484,49569.52
match,buy,BTC-EUR,2021-04-06T09:10:00.893198Z,10920246034,39867024,cdafba79-b2ef-408c-98e7-28c1ba874401,205668b8-dcbd-4e64-896a-a6ea1ae549fa,0.00192764,49569.52
match,sell,BTC-EUR,2021-04-06T09:10:01.651762Z,10920246242,39867025,56526b6d-1fdf-48e9-91c8-37dfb9fb57e1,523b257e-c8b0-4eb5-b23d-084a2bb3faef,0.00057731,49583.83
match,sell,BTC-EUR,2021-04-06T09:10:01.651762Z,10920246244,39867026,ef1366c5-1fbd-4d57-80c6-d1d711c8bdc4,523b257e-c8b0-4eb5-b23d-084a2bb3faef,0.00237328,49599.86
match,buy,BTC-EUR,2021-04-06T09:10:02.183118Z,10920246429,39867027,306e8e51-9f9d-4f91-8d49-6705861a2a5b,99bd9066-cde6-4803-a63e-b50b6daf82c3,0.02106835,49581.89
match,buy,BTC-EUR,2021-04-06T09:10:02.183118Z,10920246431,39867028,fc7389e1-d8da-464c-b203-81993660f698,99bd9066-cde6-4803-a63e-b50b6daf82c3,0.03033015,49569.73
match,buy,BTC-EUR,2021-04-06T09:10:02.183118Z,10920246433,39867029,e97f86e0-9b07-4890-bb35-06d31e539fa0,99bd9066-cde6-4803-a63e-b50b6daf82c3,0.0064088,49569.72
match,buy,BTC-EUR,2021-04-06T09:10:02.608930Z,10920246522,39867030,52acc730-7702-40a4-bc2e-c5fe8363f049,d8429026-ee94-4ad2-a831-6d2743bcd390,0.00027104,49581
match,buy,BTC-EUR,2021-04-06T09:10:02.980345Z,10920246567,39867031,52acc730-7702-40a4-bc2e-c5fe8363f049,b25ed755-61c0-4e12-bddc-20f0e5e879e5,0.00192897,49581
match,sell,BTC-EUR,2021-04-06T09:10:03.611154Z,10920246613,39867032,34caa8a2-1254-49a8-94b3-dd757fa896b2,8eaa3bc6-1284-414b-9eb3-eb60143efe72,0.00385999,49592.32
match,buy,BTC-EUR,2021-04-06T09:10:05.049370Z,10920246723,39867033,52acc730-7702-40a4-bc2e-c5fe8363f049,32dd679c-824f-4f6a-ae66-a0bb46abf521,0.15150127,49581
match,buy,BTC-EUR,2021-04-06T09:10:05.049370Z,10920246725,39867034,4170508c-c50b-4618-b7e7-1f54ffb96af6,32dd679c-824f-4f6a-ae66-a0bb46abf521,0.14849873,49576.28
match,sell,BTC-EUR,2021-04-06T09:10:05.083217Z,10920246744,39867035,41228969-5c0f-44d1-b24c-0caeddce0bf2,4731205a-66a0-4143-a004-aa8428b58357,0.00018087,49589.98
match,buy,BTC-EUR,2021-04-06T09:10:07.568545Z,10920247135,39867036,b2c81252-e49b-477f-b0b2-988df545068a,c4af41f0-80ad-447a-a26f-0e1e79e53e15,0.00248645,49572.76
match,buy,BTC-EUR,2021-04-06T09:10:08.340542Z,10920247227,39867037,e2f81624-7dc0-4c57-8d65-1c260a1b7858,724aaf80-7293-4ec3-bc1c-9a38e241ca25,0.01392185,49569.65
match,buy,BTC-EUR,2021-04-06T09:10:08.340542Z,10920247229,39867038,c0b66ecb-196f-46ab-b6fd-6c555805ee82,724aaf80-7293-4ec3-bc1c-9a38e241ca25,0.43,49569.64
match,buy,BTC-EUR,2021-04-06T09:10:08.340542Z,10920247231,39867039,c1969a0b-02cd-428d-b463-ac3079d44647,724aaf80-7293-4ec3-bc1c-9a38e241ca25,0.01607815,49567.77
match,buy,BTC-EUR,2021-04-06T09:10:09.428484Z,10920247364,39867040,390327c1-af0b-48dc-95d6-70439f92f147,8cd00386-8921-4ddf-9139-144c0c96babe,0.01995658,49572.08
match,buy,BTC-EUR,2021-04-06T09:10:09.428484Z,10920247366,39867041,ba7c5cea-b44e-4713-bd34-99b75a93e3f6,8cd00386-8921-4ddf-9139-144c0c96babe,0.15004342,49567.31
match,sell,BTC-EUR,2021-04-06T09:10:10.096970Z,10920247441,39867042,fe4c0c76-9e06-4b3b-83c7-5895b6f2493e,563f7822-4540-4e51-91ed-9ef622fb79e3,0.00848992,49584.7
match,buy,BTC-EUR,2021-04-06T09:10:11.012528Z,10920247523,39867043,11bc85aa-34aa-4367-802c-0fbfae119c3b,702e11cb-aa79-431d-ab09-ba370b36bb05,0.01712904,49567.32
match,buy,BTC-EUR,2021-04-06T09:10:11.012528Z,10920247525,39867044,052eaa34-8ad4-4453-a03a-76efe4d33f5e,702e11cb-aa79-431d-ab09-ba370b36bb05,0.15287096,49567.3
match,sell,BTC-EUR,2021-04-06T09:10:18.295965Z,10920248456,39867045,ffdb8556-ae22-4f8a-95a0-99eec63341f9,7b19a56f-5c84-4a6c-91b7-bebc7605bc60,0.00289418,49581.82
match,sell,BTC-EUR,2021-04-06T09:10:20.266785Z,10920248718,39867046,b69d21de-232c-46f1-ab7f-1423c0893183,03bad259-8afd-4948-957c-8e6747a4fb6b,0.00022185,49578.14
match,sell,BTC-EUR,2021-04-06T09:10:20.451841Z,10920248732,39867047,b69d21de-232c-46f1-ab7f-1423c0893183,3335c814-7e2f-42ec-99cc-a388ba0975e9,0.00646596,49578.14
match,sell,BTC-EUR,2021-04-06T09:10:23.734807Z,10920249045,39867048,c3b20979-e2d9-45e5-b208-e68e3a4a86e5,063f6572-3d74-4964-bf6f-f9ecd7d7198f,0.0004718,49581.46
match,sell,BTC-EUR,2021-04-06T09:10:24.454031Z,10920249130,39867049,d6b083c1-e6ea-4aec-a87d-7cbc32bbd955,929b1ec0-450f-4859-abc8-8a23e84a4bb8,0.00090327,49582.32
match,sell,BTC-EUR,2021-04-06T09:10:24.721152Z,10920249165,39867050,27f40278-53ca-4d68-a542-46792ebf7ede,6fb31db6-f102-4a24-8462-15e73d7070f2,0.01834233,49582.37
match,sell,BTC-EUR,2021-04-06T09:10:24.721152Z,10920249167,39867051,a77648f9-9202-467b-bfdd-fe5b30260612,6fb31db6-f102-4a24-8462-15e73d7070f2,0.00674301,49582.38
match,sell,BTC-EUR,2021-04-06T09:10:29.620045Z,10920249686,39867052,c07c643d-39a8-4f9c-b78b-356526ece5f7,2506bdde-8a54-4d7d-a107-9cc963114c5f,0.00047803,49581.43
match,sell,BTC-EUR,2021-04-06T09:10:30.359295Z,10920249766,39867053,c07c643d-39a8-4f9c-b78b-356526ece5f7,fb68e530-1d73-49a3-8b49-4ed77153a2cf,0.0038597,49581.43
match,sell,BTC-EUR,2021-04-06T09:10:31.819890Z,10920249890,39867054,c07c643d-39a8-4f9c-b78b-356526ece5f7,cf1197b9-e03e-4718-9b3d-217452a9f7cc,0.00483343,49581.43
match,sell,BTC-EUR,2021-04-06T09:10:31.819890Z,10920249892,39867055,fb8a2604-3f52-416d-9a8a-3be3700fd523,cf1197b9-e03e-4718-9b3d-217452a9f7cc,0.00867523,49581.44
match,sell,BTC-EUR,2021-04-06T09:10:32.142608Z,10920249929,39867056,d28a8b20-7ecf-4f9c-b4a2-4e83d7fa3f8e,7919465b-4984-49c9-8df9-14988483a3bc,0.00370517,49581.43
match,sell,BTC-EUR,2021-04-06T09:10:32.332652Z,10920249946,39867057,d28a8b20-7ecf-4f9c-b4a2-4e83d7fa3f8e,33845b2d-ec7f-4d73-b028-0435eb3cc680,0.00088041,49581.43
match,sell,BTC-EUR,2021-04-06T09:10:32.332652Z,10920249948,39867058,fb8a2604-3f52-416d-9a8a-3be3700fd523,33845b2d-ec7f-4d73-b028-0435eb3cc680,0.01608233,49581.44
match,sell,BTC-EUR,2021-04-06T09:10:32.332652Z,10920249950,39867059,32a3d72f-9a80-42bd-9fde-fd76e92f5cf7,33845b2d-ec7f-4d73-b028-0435eb3cc680,0.00233539,49582.29
match,sell,BTC-EUR,2021-04-06T09:10:35.035537Z,10920250099,39867060,5169a261-2529-463f-a9ba-d0f25199eec6,d20fee06-c0d4-408d-b931-6f9f27da6f77,0.000527,49578.93
match,buy,BTC-EUR,2021-04-06T09:10:37.021912Z,10920250188,39867061,ea20b81a-bc4f-4b3f-8318-abbf0259091c,c205770b-ec5f-400a-bb0b-8f40e8427f74,0.00760417,49565.34
match,buy,BTC-EUR,2021-04-06T09:10:38.495627Z,10920250247,39867062,12e14c3d-22bb-4b1b-b02c-7303caa76d7b,3873d055-e378-48d1-8148-04adc566d66d,0.0004718,49569.4
match,sell,BTC-EUR,2021-04-06T09:10:38.872402Z,10920250275,39867063,5169a261-2529-463f-a9ba-d0f25199eec6,0ec3b1bf-a195-49c4-97e6-d9d295dcc723,0.00134473,49578.93
match,sell,BTC-EUR,2021-04-06T09:10:39.310339Z,10920250288,39867064,5169a261-2529-463f-a9ba-d0f25199eec6,c4939609-5a9d-46c2-b3d3-94a299d94865,0.00020069,49578.93
match,buy,BTC-EUR,2021-04-06T09:10:42.056099Z,10920250394,39867065,7f01b859-c432-42fe-aabc-63be8b580641,4221ad4e-7c2b-412c-ba1a-b9d537e4f74c,0.00103035,49569.41
match,sell,BTC-EUR,2021-04-06T09:10:43.191264Z,10920250458,39867066,aefec93b-66f7-465c-9c83-2f823041e77c,f407e33e-8fc2-4e4d-982e-a3dc55dda06e,0.00125658,49579.62
match,sell,BTC-EUR,2021-04-06T09:10:43.191264Z,10920250460,39867067,23cca193-82e2-4af1-9b4e-ceca324ebcd2,f407e33e-8fc2-4e4d-982e-a3dc55dda06e,0.00039952,49579.63
match,buy,BTC-EUR,2021-04-06T09:10:49.195450Z,10920250787,39867068,b10c80bc-a2fc-4069-9f8d-32e7c0f1ccc4,08044c40-fae1-4775-99a0-b1457b6ffa23,0.00052924,49563.33
match,sell,BTC-EUR,2021-04-06T09:10:49.228257Z,10920250790,39867069,1b85732e-f467-46d0-bf9a-c4648ba0ad40,ef2763ca-ef9a-43f3-9e93-a0d2820192eb,0.00125659,49582.39
match,sell,BTC-EUR,2021-04-06T09:10:49.228257Z,10920250792,39867070,bab6ee22-9ad3-431f-ba27-0b68e434f017,ef2763ca-ef9a-43f3-9e93-a0d2820192eb,0.03734133,49582.39
match,buy,BTC-EUR,2021-04-06T09:10:51.116058Z,10920250893,39867071,b10c80bc-a2fc-4069-9f8d-32e7c0f1ccc4,b51f03f2-49c7-4cfc-b640-316147003db8,0.02012983,49563.33
match,buy,BTC-EUR,2021-04-06T09:10:55.484126Z,10920251238,39867072,3a281f06-85f2-4d85-bdd0-d033d586569b,941f9e8a-1a7b-4675-a840-ad582c70150f,0.00202758,49563.87
match,sell,BTC-EUR,2021-04-06T09:10:57.040677Z,10920251290,39867073,31bb0f6d-74b7-413c-bfac-e406430d5de4,9fd8c6ad-a6a8-43cf-a16d-8b06933670f7,0.00385997,49580.12
match,sell,BTC-EUR,2021-04-06T09:10:57.578935Z,10920251311,39867074,31bb0f6d-74b7-413c-bfac-e406430d5de4,55150659-e2ac-408b-bb9b-1951337dee5f,0.00154384,49580.12
match,sell,BTC-EUR,2021-04-06T09:10:57.789254Z,10920251321,39867075,2dd67986-cb52-44ee-8f71-bff955ac5f17,ca956c04-eb2d-4a4e-a4b2-10a5d4d7daf7,0.00578985,49578.86
match,sell,BTC-EUR,2021-04-06T09:10:57.866299Z,10920251330,39867076,2dd67986-cb52-44ee-8f71-bff955ac5f17,beb1056c-1df7-4127-9cfb-77c301ea0f75,0.00027112,49578.86
match,sell,BTC-EUR,2021-04-06T09:11:00.928907Z,10920251665,39867077,2dd67986-cb52-44ee-8f71-bff955ac5f17,1b29ee28-610a-4d6a-8191-edae5c782349,0.01003476,49578.86
match,sell,BTC-EUR,2021-04-06T09:11:01.630716Z,10920251705,39867078,2dd67986-cb52-44ee-8f71-bff955ac5f17,57ce33e6-c6b7-42a5-bb86-d1a9434600f0,0.0009434,49578.86
match,buy,BTC-EUR,2021-04-06T09:11:02.316419Z,10920251736,39867079,2f1d452b-cd2e-43d2-a834-cdcfffc7b8a8,10b9d571-3680-4c7c-9256-b4d9d4423f8a,0.015454,49565.44
match,sell,BTC-EUR,2021-04-06T09:11:03.187302Z,10920251836,39867080,9c272955-a872-48b4-8958-3939d1d3cae8,c63c7d81-cabb-47fa-a767-7c0415341e1c,0.0007628,49584.78
match,buy,BTC-EUR,2021-04-06T09:11:04.491786Z,10920251985,39867081,4eae1a53-f059-4bdf-9882-7336f69e3ac0,4fdfc153-b2a4-41ce-b0c3-c5b8110bddcb,0.00022185,49567.02
match,sell,BTC-EUR,2021-04-06T09:11:06.201598Z,10920252099,39867082,7ec6e788-ee63-4069-96d9-498ba77274f6,c96e504f-2097-4807-91c0-51d75dc08f85,0.00385957,49584.38
match,sell,BTC-EUR,2021-04-06T09:11:07.012837Z,10920252181,39867083,7ec6e788-ee63-4069-96d9-498ba77274f6,4b77dce1-4345-4e98-bf60-18a8baaa9349,0.00100336,49584.38
match,sell,BTC-EUR,2021-04-06T09:11:08.848544Z,10920252287,39867084,9c272955-a872-48b4-8958-3939d1d3cae8,31276430-8b54-48cf-9387-59bd992c1a84,0.00096354,49584.78
match,buy,BTC-EUR,2021-04-06T09:11:08.957604Z,10920252311,39867085,e6c89edf-b195-4c28-bee0-22d80fe33fd8,65f33a1f-85bd-48d1-9b83-d9c93ce33afd,0.02187493,49569.6
match,buy,BTC-EUR,2021-04-06T09:11:08.957604Z,10920252313,39867086,6da0bd87-7dc8-42a0-b5c9-66ef3b6410fa,65f33a1f-85bd-48d1-9b83-d9c93ce33afd,0.04035529,49567.44
match,sell,BTC-EUR,2021-04-06T09:11:10.506106Z,10920252450,39867087,dfa17cb0-2580-4fc7-bf1f-ea1cbcc6658c,a23adddb-dc49-4a37-a37d-ea3fe56d9303,0.00154236,49584.76
match,buy,BTC-EUR,2021-04-06T09:11:10.738536Z,10920252469,39867088,b07af21a-281f-4167-a156-3eb6ef320fc4,7776c7a3-28ed-40fc-bb9e-15d57612bd51,0.01929813,49575.18
match,sell,BTC-EUR,2021-04-06T09:11:15.292306Z,10920253069,39867089,5c7bea5f-66d6-41bd-8077-15fcb60dd2c6,af82a31f-ec26-45b1-b358-110375479bdf,0.01977269,49584.74
match,buy,BTC-EUR,2021-04-06T09:11:16.016712Z,10920253114,39867090,b72fc4ac-02ee-47cf-b413-ce9931186b81,759988fc-781c-4a39-abfd-ed31858241a4,0.00022981,49575.9
match,buy,BTC-EUR,2021-04-06T09:11:16.016712Z,10920253116,39867091,4f316d5b-88d0-4c91-a119-a5723ce99707,759988fc-781c-4a39-abfd-ed31858241a4,0.00004131,49575.89
match,sell,BTC-EUR,2021-04-06T09:11:16.125656Z,10920253135,39867092,f889f4ed-629e-4df2-9906-0ff53b767d43,2b9c62b9-10bc-4ded-b225-e9c1cf90f568,0.00018082,49584.72
match,sell,BTC-EUR,2021-04-06T09:11:17.300002Z,10920253246,39867093,2938bb23-3168-4d32-ae7d-fc7462505d68,29b68a71-fd25-41d3-84ee-8c4080db5e85,0.00192967,49588.21
match,buy,BTC-EUR,2021-04-06T09:11:18.723316Z,10920253347,39867094,1eecd0cf-143c-4eb7-accc-deba4b8e4033,2a6d65ea-a976-4a22-b563-5e4654354f9a,0.00035493,49579.22
match,sell,BTC-EUR,2021-04-06T09:11:20.489924Z,10920253483,39867095,2938bb23-3168-4d32-ae7d-fc7462505d68,64071b8e-6b97-4b3c-baf6-d0816f47c301,0.00160176,49588.21
match,buy,BTC-EUR,2021-04-06T09:11:21.473856Z,10920253575,39867096,1eecd0cf-143c-4eb7-accc-deba4b8e4033,e43a6c80-464a-48c1-b7c6-7c52fa9eeba7,0.00017132,49579.22
match,buy,BTC-EUR,2021-04-06T09:11:21.731338Z,10920253600,39867097,1eecd0cf-143c-4eb7-accc-deba4b8e4033,653a67e2-a1f2-4cfe-b9a9-e9d49a1cd1b2,0.00202763,49579.22
match,sell,BTC-EUR,2021-04-06T09:11:25.193410Z,10920253786,39867098,2938bb23-3168-4d32-ae7d-fc7462505d68,e7bfa7c9-fda7-4682-aafe-2ae39a32211a,0.00316336,49588.21
match,buy,BTC-EUR,2021-04-06T09:11:25.463288Z,10920253805,39867099,1eecd0cf-143c-4eb7-accc-deba4b8e4033,69cc97b7-1390-4803-8754-6c9fbcddf4b5,0.00019263,49579.22
match,sell,BTC-EUR,2021-04-06T09:11:27.129080Z,10920253900,39867100,2938bb23-3168-4d32-ae7d-fc7462505d68,0f622f5c-e44d-4909-ba04-bf581fedc3f3,0.01144629,49588.21
match,sell,BTC-EUR,2021-04-06T09:11:27.129080Z,10920253902,39867101,44f740e7-fb59-4e69-8bb5-89aaa5d34cd8,0f622f5c-e44d-4909-ba04-bf581fedc3f3,0.00385633,49589.87
match,sell,BTC-EUR,2021-04-06T09:11:27.230609Z,10920253918,39867102,6a30e2c8-ae2f-4865-b51f-cafaba958574,695f6ced-4521-48af-a74e-e968af35f0bf,0.00106368,49585.28
match,buy,BTC-EUR,2021-04-06T09:11:29.697805Z,10920254074,39867103,1eecd0cf-143c-4eb7-accc-deba4b8e4033,075334d9-e8c5-4d57-818e-1b47a8f6a5af,0.09,49579.22
match,sell,BTC-EUR,2021-04-06T09:11:29.814799Z,10920254097,39867104,40999e75-a78c-4671-8caf-9d0d1fae6700,f0dfff19-665d-4098-a06d-21ca672c662b,0.00047174,49586.27
match,sell,BTC-EUR,2021-04-06T09:11:32.667983Z,10920254491,39867105,1582e3e0-5abd-4af4-ba93-cd65d609da52,b27d04d6-cca1-41fa-ae35-9695b9a417ed,0.00096335,49592.62
match,sell,BTC-EUR,2021-04-06T09:11:35.996184Z,10920254840,39867106,1582e3e0-5abd-4af4-ba93-cd65d609da52,74ec749b-98b5-4c0c-958a-198c1b3c59ab,0.01092651,49592.62
match,sell,BTC-EUR,2021-04-06T09:11:36.256032Z,10920254941,39867107,dad1763f-1703-4b2e-97cf-3c56a7f08880,c932eeee-4428-449b-844e-d5a14e816b3f,0.00096335,49600
match,sell,BTC-EUR,2021-04-06T09:11:40.348239Z,10920255590,39867108,f9d96f64-f71d-419c-8575-e28a24a33f52,32df065f-13dc-41a2-a462-8b9120b3fe6f,0.00100325,49594.13
match,sell,BTC-EUR,2021-04-06T09:11:44.204378Z,10920256291,39867109,422e88d8-18c9-4070-a1ba-69b4ea9eaf53,72d65694-df55-4132-bb1b-f723ee505a3b,0.00578739,49595.03
match,sell,BTC-EUR,2021-04-06T09:11:45.018251Z,10920256396,39867110,422e88d8-18c9-4070-a1ba-69b4ea9eaf53,942e7364-13d0-459e-aaa9-fb1df24ccb65,0.0020258,49595.03
match,buy,BTC-EUR,2021-04-06T09:11:45.376068Z,10920256448,39867111,bc26f30f-1b7a-42ef-ad7d-045778bde091,ba89b1b0-5e6d-4b82-be05-377a8ed01054,0.02444439,49584.13
match,buy,BTC-EUR,2021-04-06T09:11:45.376068Z,10920256450,39867112,0ef72edc-744f-47f6-a43b-881b4be8a8a7,ba89b1b0-5e6d-4b82-be05-377a8ed01054,0.00028475,49580.18
match,sell,BTC-EUR,2021-04-06T09:11:46.137428Z,10920256563,39867113,9c2e49f0-3f66-45f1-a917-c5759f8a57c4,ceebeaa5-64f7-4dc4-b121-a1b1ae897ee0,0.00096327,49595.83
match,sell,BTC-EUR,2021-04-06T09:11:48.887440Z,10920256927,39867114,eb88876d-52d0-4d40-ac1f-f16a3762b2a0,055f9328-6b9c-46a5-89b4-f29a45d54bc9,0.00027104,49595.84
match,sell,BTC-EUR,2021-04-06T09:11:49.086720Z,10920256960,39867115,75cc79b5-e519-4c8e-b7e7-969f6cc7d664,171796dd-bc3d-4a88-ad00-4fc7e2f4e2a0,0.030094,49595.83
match,sell,BTC-EUR,2021-04-06T09:11:50.671623Z,10920257215,39867116,75cc79b5-e519-4c8e-b7e7-969f6cc7d664,cff3ab08-5a25-4619-b7e0-d7f4f6d38564,0.00020163,49595.83
match,sell,BTC-EUR,2021-04-06T09:11:50.786695Z,10920257248,39867117,75cc79b5-e519-4c8e-b7e7-969f6cc7d664,05b2f3cb-9e42-4fda-a211-36f861cc68db,0.00060188,49595.83
match,buy,BTC-EUR,2021-04-06T09:11:52.077716Z,10920257458,39867118,bc5d725b-43c6-4859-9233-2bf7afc308df,3c0641ae-a8a8-4951-bf88-84093eb52499,0.00042359,49581.43
match,buy,BTC-EUR,2021-04-06T09:11:52.077716Z,10920257460,39867119,7d24c907-3c68-4573-8933-b0cca88d5caa,3c0641ae-a8a8-4951-bf88-84093eb52499,0.15957641,49579.68
match,buy,BTC-EUR,2021-04-06T09:11:52.827995Z,10920257646,39867120,080f0c64-3097-47ff-82dc-7e0c8c7a011a,94e181ae-9145-4e0c-8403-74c095585ec5,0.00350622,49571.53
match,sell,BTC-EUR,2021-04-06T09:11:55.358639Z,10920257949,39867121,fb2ea75c-bc59-4dac-ac64-396f4deca69a,2c75b0ba-7818-425d-bef3-5ec3bb6b7356,0.00253836,49590.81
match,sell,BTC-EUR,2021-04-06T09:11:56.958023Z,10920258202,39867122,06be308c-2f00-4c59-a986-1eb277a0d2c5,47b450d4-2e4e-4311-9f87-1f9f5fab5ff0,0.00088299,49590.25
match,sell,BTC-EUR,2021-04-06T09:11:57.742643Z,10920258354,39867123,428a7537-ff86-4d58-8455-6d1c5d048c1e,bea4041b-14e5-46eb-b82d-115fb5b01aea,0.00200649,49590.23
match,sell,BTC-EUR,2021-04-06T09:12:00.201047Z,10920258831,39867124,dad1763f-1703-4b2e-97cf-3c56a7f08880,6136e8bb-f1fe-40b9-b0ba-af6cd9acb0ae,0.01582023,49600
match,buy,BTC-EUR,2021-04-06T09:12:01.796590Z,10920259171,39867125,0d5c144e-c499-4922-b2ec-6d76c1e18a5b,36a56928-073b-45f5-a73c-9238486e3f1b,0.000249,49599.68
match,sell,BTC-EUR,2021-04-06T09:12:01.977922Z,10920259233,39867126,dad1763f-1703-4b2e-97cf-3c56a7f08880,337209bd-50ce-4f5b-b262-801091ef8261,0.00037142,49600
match,buy,BTC-EUR,2021-04-06T09:12:02.462227Z,10920259421,39867127,da51b7a7-d26a-4a91-9846-b179ba4b9dc7,f27d4596-b41b-495e-baf7-98987a9e1a9f,0.002804,49599.86
match,sell,BTC-EUR,2021-04-06T09:12:02.577157Z,10920259467,39867128,dad1763f-1703-4b2e-97cf-3c56a7f08880,8180f9eb-1db4-49ea-8476-3ee5de2deb7f,0.0828,49600
match,sell,BTC-EUR,2021-04-06T09:12:02.578246Z,10920259470,39867129,dad1763f-1703-4b2e-97cf-3c56a7f08880,c69f4054-2c34-4f1a-9c15-14ce82d765d3,0.000045,49600
match,sell,BTC-EUR,2021-04-06T09:12:05.571681Z,10920260379,39867130,e6f31f35-ac50-40be-b9b2-d7228329b222,384b1d49-49ff-4fa3-8f2e-8525fae1cd21,0.00014063,49660.06
match,sell,BTC-EUR,2021-04-06T09:12:07.341625Z,10920261009,39867131,7cfd323e-4fcc-4870-90c3-e94a62c1c4a2,a5b7d63c-36b3-4ab8-b1f0-22b3e2729bd0,0.00447294,49660.07
match,buy,BTC-EUR,2021-04-06T09:12:09.507786Z,10920261497,39867132,22a23f25-ce76-46b3-bcdc-0615839afbc7,0eaa351a-5364-4ade-9a57-e681621b1938,0.0020256,49645.67
match,sell,BTC-EUR,2021-04-06T09:12:11.778236Z,10920262050,39867133,d162dd3f-59c4-451d-aa27-be4447051782,bb424fd3-566b-4eb1-a2bc-bcbaa8ccabce,0.00691881,49654.4
match,sell,BTC-EUR,2021-04-06T09:12:13.859468Z,10920262479,39867134,8aa1239a-4c04-4794-94a3-d9560dca1974,698beab4-0e1d-46ab-a848-76aa4d112293,0.0010128,49656.6
match,sell,BTC-EUR,2021-04-06T09:12:13.859468Z,10920262481,39867135,ccc31abe-fb6d-4b12-9516-0a44d9b1fb87,698beab4-0e1d-46ab-a848-76aa4d112293,0.01825244,49656.61
match,buy,BTC-EUR,2021-04-06T09:12:14.787708Z,10920262648,39867136,89f41e7d-2c28-4d8b-8db8-12ce3fc2430b,5cedd9fb-a920-4ea8-9d11-3b5987b5e905,0.0020258,49641.88
match,sell,BTC-EUR,2021-04-06T09:12:15.212251Z,10920262723,39867137,13b1947d-678b-4809-a9d0-33250839e8ad,d32d282d-6e82-4510-a8c8-7d00ca34f916,0.00096187,49656.6
match,sell,BTC-EUR,2021-04-06T09:12:15.575511Z,10920262791,39867138,13b1947d-678b-4809-a9d0-33250839e8ad,783cbbb2-3f4b-468d-ba5f-e897488e2149,0.00005093,49656.6
match,sell,BTC-EUR,2021-04-06T09:12:15.575511Z,10920262793,39867139,d2b86d23-9008-465b-ad05-da7a6d121d59,783cbbb2-3f4b-468d-ba5f-e897488e2149,0.00283923,49660.75
match,sell,BTC-EUR,2021-04-06T09:12:19.426361Z,10920263491,39867140,1b0427a1-55da-4cb8-a99a-1045dbe5c15d,42d797aa-e085-495f-9513-24efba75213c,0.00086126,49665.47
match,buy,BTC-EUR,2021-04-06T09:12:20.217926Z,10920263694,39867141,be785dd9-7039-440c-a3ee-2f5b626374d9,6e9e42cc-e36d-4186-9268-d0a001b418a3,0.00578739,49635.33
match,sell,BTC-EUR,2021-04-06T09:12:21.019141Z,10920263874,39867142,d45c9c4c-48d8-4e7c-bc62-bfcb8039f4a4,d6276d9e-ec70-4130-806a-af63117fde38,0.00020174,49665.47
match,sell,BTC-EUR,2021-04-06T09:12:23.624587Z,10920264502,39867143,db5ef764-3d13-403f-9d62-167e6b9a459a,136a7dd3-fec5-462b-956c-7d4d084619ae,0.00015148,49655.6
match,sell,BTC-EUR,2021-04-06T09:12:23.776720Z,10920264547,39867144,db5ef764-3d13-403f-9d62-167e6b9a459a,303c489b-5db6-47fd-924f-a7a1d0d2c05c,0.00018051,49655.6
match,sell,BTC-EUR,2021-04-06T09:12:28.212045Z,10920265539,39867145,1e21a954-4604-44cb-9e34-760096733bc8,f6aae4de-0290-43a8-9fce-9f17347211ea,0.00988629,49659.35
match,buy,BTC-EUR,2021-04-06T09:12:29.009480Z,10920265659,39867146,8940959c-5452-4cc9-8724-017c8cff61ac,0b33e72e-586a-4fcb-baae-b8c494d623c7,0.02753732,49640.59
match,buy,BTC-EUR,2021-04-06T09:12:29.009480Z,10920265661,39867147,2b4a6173-43d4-44d6-a8c6-53fdfb7344cf,0b33e72e-586a-4fcb-baae-b8c494d623c7,0.1,49640.59
match,buy,BTC-EUR,2021-04-06T09:12:29.009480Z,10920265663,39867148,47e48961-5027-48d7-8aea-5f074b217dad,0b33e72e-586a-4fcb-baae-b8c494d623c7,0.19246268,49640.59
match,sell,BTC-EUR,2021-04-06T09:12:29.750116Z,10920265900,39867149,843bad9b-c6cd-470f-8388-de025305d6ea,47de3123-3d50-4fe9-8fbc-966a49164e34,0.00056126,49648.66
match,buy,BTC-EUR,2021-04-06T09:12:30.047331Z,10920266010,39867150,578db84d-c07e-41ab-9472-dba7ca178ab3,00f7f912-c10a-476e-81e6-ae51dfa4a027,0.11361741,49623.28
match,buy,BTC-EUR,2021-04-06T09:12:30.047331Z,10920266012,39867151,dae9413a-a2f8-4512-ac1f-264b2b49dd02,00f7f912-c10a-476e-81e6-ae51dfa4a027,0.01376866,49623.27
match,buy,BTC-EUR,2021-04-06T09:12:30.047331Z,10920266014,39867152,f75ba2bc-08b4-4d4f-87f9-3980186a52c6,00f7f912-c10a-476e-81e6-ae51dfa4a027,0.03,49623.26
match,buy,BTC-EUR,2021-04-06T09:12:30.047331Z,10920266016,39867153,fb187d08-4ed5-4edf-be24-e24b104fc1aa,00f7f912-c10a-476e-81e6-ae51dfa4a027,0.1364271,49623.18
match,buy,BTC-EUR,2021-04-06T09:12:30.047331Z,10920266018,39867154,822e310e-a6c6-4d1c-994a-c1a50c28abe1,00f7f912-c10a-476e-81e6-ae51dfa4a027,0.01618683,49622.42
match,buy,BTC-EUR,2021-04-06T09:12:31.956287Z,10920266340,39867155,a277be77-cb56-4b14-8f2c-b55e7a38b474,ec9fdfe1-d1bf-437e-a583-dd707e2cda5c,0.00291,49619.65
match,sell,BTC-EUR,2021-04-06T09:12:32.505411Z,10920266410,39867156,383d395c-930c-4bf1-a5a2-f15812189ce6,19294ff7-6638-475b-b792-16edfd3267d5,0.00050104,49647.71
match,sell,BTC-EUR,2021-04-06T09:12:35.568278Z,10920266915,39867157,0e328826-37f8-40de-9722-6a4b6c6e2724,abd965b0-d5b9-4865-8c1f-d24e731777db,0.00857451,49634.35
match,buy,BTC-EUR,2021-04-06T09:12:37.878158Z,10920267207,39867158,3144dbd8-eeb9-4d5f-ad7d-adea46d0a2f0,a2ab2951-ba2b-435e-b486-99fe562a6fc1,0.00018051,49621.68
match,sell,BTC-EUR,2021-04-06T09:12:38.724022Z,10920267287,39867159,fe7f88fa-390b-4b50-85f5-71516a570c9c,88cb9d3f-87a6-4638-a1c4-8b7e6b2c99ab,0.0090347,49634.23
match,sell,BTC-EUR,2021-04-06T09:12:39.091783Z,10920267316,39867160,3bf3b685-497f-4aaa-b6e9-3d2f2b5270d5,3463bd37-fe29-4821-a281-e25fc0385e23,0.00051922,49634.19
match,sell,BTC-EUR,2021-04-06T09:12:41.497736Z,10920267521,39867161,46793661-3f51-4d79-8c5b-6bff805868e8,0916c723-fb3e-4606-aa15-6a99b98c9ea4,0.00027078,49637.59
match,sell,BTC-EUR,2021-04-06T09:12:41.670924Z,10920267526,39867162,46793661-3f51-4d79-8c5b-6bff805868e8,cfa0c288-dc34-4619-8621-a840c5570fe1,0.02034278,49637.59
match,sell,BTC-EUR,2021-04-06T09:12:41.670924Z,10920267528,39867163,b1facc2b-8f7f-491a-8d88-367be03c16f0,cfa0c288-dc34-4619-8621-a840c5570fe1,0.00931302,49637.6
match,buy,BTC-EUR,2021-04-06T09:12:43.515060Z,10920267627,39867164,8b0653bf-3ca3-418a-8819-cd0f645102a7,239b7e6a-6151-4e91-b906-f14ff631a4c1,0.00027078,49622.74
match,sell,BTC-EUR,2021-04-06T09:12:44.425112Z,10920267670,39867165,a45a5e62-e45b-4401-a1d8-a5e390777a99,3c54b20b-67c1-46bf-b536-bccc9bb9e5b5,0.00601411,49634.46
match,buy,BTC-EUR,2021-04-06T09:12:45.936064Z,10920267778,39867166,c6bd4182-22cf-4346-9870-c19563da2d49,120cb28a-7eef-4c84-b038-768b7f873d44,0.00180258,49622.76
match,sell,BTC-EUR,2021-04-06T09:12:47.623755Z,10920268082,39867167,1aa38c10-7ea0-4994-8d86-c863f07e0dd8,2081b94c-2092-4187-8206-5634b40b53c2,0.00729972,49647.68
match,sell,BTC-EUR,2021-04-06T09:12:47.623755Z,10920268084,39867168,23e67480-c431-4516-956f-464c6a65b92a,2081b94c-2092-4187-8206-5634b40b53c2,0.00257674,49648.63
match,buy,BTC-EUR,2021-04-06T09:12:48.496620Z,10920268246,39867169,c1cc5ca1-2456-49d4-86d9-e9ef161508b5,d52c35b4-96e8-4a09-8f7e-f13780b203e0,0.01926524,49631.3
match,buy,BTC-EUR,2021-04-06T09:12:52.443578Z,10920269021,39867170,b78cd87f-f1d1-4520-8cfc-4c2723e7a52e,a0c3aaf4-0fe4-4f49-94c0-cfd25f6498f5,0.00221,49644.27
match,sell,BTC-EUR,2021-04-06T09:12:57.176360Z,10920269695,39867171,b7cab9bf-a011-40cc-bef2-6e4bd3267c7b,301610b9-8c86-4567-a9a3-0c414aea1c34,0.00364986,49663.45
match,sell,BTC-EUR,2021-04-06T09:12:57.176360Z,10920269697,39867172,71e16103-7657-4288-95df-f476efc5a939,301610b9-8c86-4567-a9a3-0c414aea1c34,0.17048165,49663.46
match,sell,BTC-EUR,2021-04-06T09:12:57.176360Z,10920269699,39867173,f466032e-d983-4683-8283-712352f32671,301610b9-8c86-4567-a9a3-0c414aea1c34,0.53705153,49668.42
match,sell,BTC-EUR,2021-04-06T09:12:57.176360Z,10920269701,39867174,b08ce858-a44b-4f2e-9861-ba669ac3da7c,301610b9-8c86-4567-a9a3-0c414aea1c34,0.25572248,49668.43
match,sell,BTC-EUR,2021-04-06T09:12:57.176360Z,10920269703,39867175,d681d360-fb1a-4600-bd85-7abd1a2712f5,301610b9-8c86-4567-a9a3-0c414aea1c34,0.4686,49669.27
match,sell,BTC-EUR,2021-04-06T09:12:57.176360Z,10920269705,39867176,84ea09de-f199-4f28-9caf-9e47ef48dcb0,301610b9-8c86-4567-a9a3-0c414aea1c34,0.08262156,49673.13
match,sell,BTC-EUR,2021-04-06T09:12:57.176360Z,10920269707,39867177,13dbba85-175f-41bd-aabf-1f0a79dab1de,301610b9-8c86-4567-a9a3-0c414aea1c34,0.48187292,49674.35
match,sell,BTC-EUR,2021-04-06T09:12:58.283656Z,10920269999,39867178,d8f5a1ad-13eb-4e34-90a1-45536b76cc92,d9cf7953-6102-4d9d-aee3-3f23f9bfa1e2,0.00192687,49668.75
match,sell,BTC-EUR,2021-04-06T09:12:59.907747Z,10920270225,39867179,177ec372-49e0-48d7-9383-2d4d4b126f3e,237fa9f8-a4f6-490c-a3f8-53ad54e601a6,0.00182493,49673.86
match,sell,BTC-EUR,2021-04-06T09:12:59.907747Z,10920270227,39867180,702ef8f2-d87e-4611-8527-1567e197ad35,237fa9f8-a4f6-490c-a3f8-53ad54e601a6,0.01744341,49673.87
match,buy,BTC-EUR,2021-04-06T09:13:00.236787Z,10920270273,39867181,122d1544-1296-4faf-8042-fe0a455f3aaf,23c0fd83-3578-4aba-bfbe-c62101c72347,0.00270596,49660.74
match,sell,BTC-EUR,2021-04-06T09:13:00.951631Z,10920270333,39867182,702ef8f2-d87e-4611-8527-1567e197ad35,6a86ccb8-eadd-4908-8908-d248fef9f10b,0.10408365,49673.87
match,sell,BTC-EUR,2021-04-06T09:13:04.223184Z,10920270842,39867183,b35c4888-9e2f-4a74-a727-159c384d0b9b,d12446b2-90d2-4c59-aab1-34f5aee65e76,0.00226545,49673.02
match,sell,BTC-EUR,2021-04-06T09:13:04.223184Z,10920270844,39867184,f2b6f1ec-9090-4227-ba46-c071c73638d8,d12446b2-90d2-4c59-aab1-34f5aee65e76,0.01035188,49673.02
match,sell,BTC-EUR,2021-04-06T09:13:04.358786Z,10920270877,39867185,c19ef77f-7b2d-4abf-9398-b8c301d4954c,a6531c25-f6db-46f0-8e39-1f14348cf74d,0.00113272,49673.01
match,sell,BTC-EUR,2021-04-06T09:13:04.358786Z,10920270879,39867186,f2b6f1ec-9090-4227-ba46-c071c73638d8,a6531c25-f6db-46f0-8e39-1f14348cf74d,0.00335589,49673.02
match,sell,BTC-EUR,2021-04-06T09:13:04.435571Z,10920270925,39867187,45e41378-34c3-440d-bb35-70740b80a4e7,e0e53f98-7f9d-44b5-91d5-1f3eca20c6dc,0.00113273,49673.01
match,sell,BTC-EUR,2021-04-06T09:13:04.435571Z,10920270927,39867188,f2b6f1ec-9090-4227-ba46-c071c73638d8,e0e53f98-7f9d-44b5-91d5-1f3eca20c6dc,0.07707951,49673.02
match,sell,BTC-EUR,2021-04-06T09:13:06.310479Z,10920271131,39867189,e1103e00-45d4-41bf-97bd-6a8864b53445,92e920c4-7b02-4ffe-9ffa-075d8415a762,0.00018048,49664.39
match,buy,BTC-EUR,2021-04-06T09:13:10.106709Z,10920271454,39867190,ec235434-ea4d-482c-92ab-2d1d9170108b,7fde74bd-63a5-4ed2-b13a-b8031502787a,0.01997359,49649.07
match,sell,BTC-EUR,2021-04-06T09:13:10.998283Z,10920271488,39867191,5332bf66-e703-4f7d-a9d2-8535d44b9d21,ccdcc7f1-d2b9-4571-b9fc-747f8cf4e1ff,0.00192641,49664.47
match,sell,BTC-EUR,2021-04-06T09:13:16.950857Z,10920271840,39867192,be16c75c-fc0e-4186-8e18-f1bfe3c36af7,fa2b411a-329c-4904-8ee2-6cf0ce81749c,0.00096162,49663.2
match,buy,BTC-EUR,2021-04-06T09:13:19.263347Z,10920272312,39867193,23d3eaa1-9fe4-4e22-b21b-e16e00b04da4,364b3b31-1bc7-4ce8-b2fd-de81d4226bd9,0.00018048,49653.04
match,sell,BTC-EUR,2021-04-06T09:13:21.878228Z,10920272681,39867194,a4d74c6e-907c-4eca-a394-4942d4cd2609,fb1eb68b-83b4-4577-b6de-600fef06b700,0.00139168,49676.3
match,buy,BTC-EUR,2021-04-06T09:13:22.202263Z,10920272706,39867195,fcf344d2-6bd1-40c4-97cd-9705aa51db7f,f7c0ac90-a067-4eb2-87cb-011b0e6df8bd,0.000224,49654.34
match,sell,BTC-EUR,2021-04-06T09:13:22.416462Z,10920272732,39867196,1aedd094-1ded-4d4e-8c6c-d5d2f845c0fe,8877e0b0-f740-4f9d-9e20-39b5275a0312,0.00223516,49676.31
match,buy,BTC-EUR,2021-04-06T09:13:22.889050Z,10920272765,39867197,92ffd8cb-5762-40fb-a5ca-ce4954bbae99,3088d4ed-9bcf-4865-a85c-b3696e4c0472,0.006245,49659.57
match,sell,BTC-EUR,2021-04-06T09:13:23.682475Z,10920272809,39867198,1aedd094-1ded-4d4e-8c6c-d5d2f845c0fe,42134a24-7eaa-43bb-8bce-33ea44bfc116,0.00104204,49676.31
match,sell,BTC-EUR,2021-04-06T09:13:23.898994Z,10920272845,39867199,1aedd094-1ded-4d4e-8c6c-d5d2f845c0fe,7c7d5311-ccc0-4f2d-924c-3acdb96deee7,0.00497468,49676.31
match,sell,BTC-EUR,2021-04-06T09:13:23.995346Z,10920272860,39867200,1aedd094-1ded-4d4e-8c6c-d5d2f845c0fe,f2019f45-36c6-424b-bd02-1fc2ae92c522,0.00096188,49676.31
match,sell,BTC-EUR,2021-04-06T09:13:28.067767Z,10920273379,39867201,d86572d0-c011-46de-bbed-c40cafa5c0b0,2eea11d2-48d9-41ac-8bf3-0b6e34881472,0.0038524,49677.47
match,sell,BTC-EUR,2021-04-06T09:13:32.481566Z,10920274188,39867202,8e64ab31-018e-40f8-a01a-11f3157b3583,b56c071e-de12-47e0-8542-9bcf33fce250,0.00925096,49686.97
match,sell,BTC-EUR,2021-04-06T09:13:38.993584Z,10920275052,39867203,85e3cb73-761d-41da-b03b-f2677efa36a3,7899436c-1e4f-4316-a50f-35816dc5051b,0.00273577,49707.58
match,sell,BTC-EUR,2021-04-06T09:13:39.555804Z,10920275149,39867204,85e3cb73-761d-41da-b03b-f2677efa36a3,52228b85-62f8-44af-89c8-ae7461c703c9,0.00099587,49707.58
match,buy,BTC-EUR,2021-04-06T09:13:41.562045Z,10920275390,39867205,b46c690a-4951-440f-950e-d83906f0d885,23eb6612-227b-4ece-85ee-0c5976535220,0.00607032,49687.78
match,buy,BTC-EUR,2021-04-06T09:13:41.707526Z,10920275416,39867206,b46c690a-4951-440f-950e-d83906f0d885,7a1d45ac-1e2b-4bc6-b7dd-030698d54b08,0.01855865,49687.78
match,buy,BTC-EUR,2021-04-06T09:13:41.707526Z,10920275418,39867207,7571ec41-7213-4ea7-a62f-01d4d4e165b8,7a1d45ac-1e2b-4bc6-b7dd-030698d54b08,0.08510856,49687.77
match,sell,BTC-EUR,2021-04-06T09:13:47.724240Z,10920276174,39867208,6710c82b-d866-47a1-b4c2-4f814778ef85,e3e10404-fae5-42b2-bc6f-99a6fe33e807,0.00027044,49693.44
match,buy,BTC-EUR,2021-04-06T09:13:50.074021Z,10920276504,39867209,81797072-e71a-4ea5-8e3e-3257b3cc9794,39ec1f06-2e7c-4695-8f0d-1c572a3db290,0.00052238,49683.02
match,sell,BTC-EUR,2021-04-06T09:13:50.834777Z,10920276538,39867210,6710c82b-d866-47a1-b4c2-4f814778ef85,bb5ca799-c4b6-4f9f-9f1e-e405e49b6df9,0.0001804,49693.44
match,buy,BTC-EUR,2021-04-06T09:13:56.033192Z,10920277106,39867211,4e7f4aef-a14d-46b4-b4f0-f8cd0647d996,c181888d-90d9-4437-bbe9-78d0bf95666b,0.00081179,49684.53
match,sell,BTC-EUR,2021-04-06T09:13:56.201437Z,10920277140,39867212,0f29fb2a-2f42-424d-9a03-5e842739b523,fc3d4845-0605-4c84-8023-d087c410611e,0.00098128,49697.52
match,buy,BTC-EUR,2021-04-06T09:13:57.186789Z,10920277292,39867213,4e7f4aef-a14d-46b4-b4f0-f8cd0647d996,d3c18c12-0638-4c60-806c-69d2def95ca8,0.00676087,49684.53
match,buy,BTC-EUR,2021-04-06T09:13:57.186789Z,10920277294,39867214,c7930eee-39d8-49b6-aeaa-a8f7b3a19f69,d3c18c12-0638-4c60-806c-69d2def95ca8,0.01280513,49672.73
match,buy,BTC-EUR,2021-04-06T09:13:57.186789Z,10920277296,39867215,877eb724-97c4-454f-9577-4572c70eb440,d3c18c12-0638-4c60-806c-69d2def95ca8,0.0319,49672.22
match,buy,BTC-EUR,2021-04-06T09:13:57.186789Z,10920277298,39867216,b2c0e887-f599-48e2-a868-dae4cbad196a,d3c18c12-0638-4c60-806c-69d2def95ca8,0.088534,49671.45
match,sell,BTC-EUR,2021-04-06T09:13:57.998777Z,10920277453,39867217,440c3918-fa61-452a-bb18-97d12ce340f4,fa788a90-5b22-4b35-901c-8647a52dccb6,0.00056086,49692.66
match,sell,BTC-EUR,2021-04-06T09:13:59.427070Z,10920277647,39867218,488ed061-c3cd-4450-9ed1-6ee650f56fc2,9c82c178-c20f-4a80-b410-183477e30333,0.01325622,49684.56
match,buy,BTC-EUR,2021-04-06T09:14:02.242454Z,10920277959,39867219,feda3ac7-fd89-4e06-b279-95bc508b3807,cd7d6002-2a0f-4a73-b863-c8436040ef9e,0.000133,49676.46
match,sell,BTC-EUR,2021-04-06T09:14:02.446593Z,10920278015,39867220,5e05243f-e5c8-491d-bcb9-8bfe84a88540,1c750883-d9c1-4a05-8ddd-d8ee4116999f,0.05776492,49692.66
match,sell,BTC-EUR,2021-04-06T09:14:02.450099Z,10920278018,39867221,5e05243f-e5c8-491d-bcb9-8bfe84a88540,51af0102-c386-4f2f-aedb-a0868f779f68,0.00731925,49692.66
match,sell,BTC-EUR,2021-04-06T09:14:04.198105Z,10920278212,39867222,0c756e2c-5723-41d0-b866-3774ebdaa9c1,f790d742-559f-470f-9482-fda25db274f0,0.00608594,49691.53
match,buy,BTC-EUR,2021-04-06T09:14:05.219572Z,10920278335,39867223,43e7a18b-9e2a-4b4d-a64e-6639253dc7cc,d46415b5-3370-48cb-b87c-1b77cdb1a718,0.0038524,49676.55
match,sell,BTC-EUR,2021-04-06T09:14:05.278952Z,10920278344,39867224,0c756e2c-5723-41d0-b866-3774ebdaa9c1,290ffd81-b2d2-484b-a54c-8c5b1674a566,0.01047746,49691.53
match,buy,BTC-EUR,2021-04-06T09:14:05.730696Z,10920278380,39867225,a0e9a1d8-c0c9-4670-aa51-c6ed3629182d,c639fbeb-f301-41dd-92e5-95ee81f854c1,0.00668299,49676.57
match,buy,BTC-EUR,2021-04-06T09:14:05.730696Z,10920278382,39867226,37ee0743-a8f9-45c2-b2ef-1a162bf02208,c639fbeb-f301-41dd-92e5-95ee81f854c1,0.35331701,49676.56
match,sell,BTC-EUR,2021-04-06T09:14:07.583800Z,10920278588,39867227,db01f1af-2c33-4df0-8dae-bf26d4015794,ae529cd6-bcb5-4b3b-8e38-726834c43290,0.00018039,49690.29
match,buy,BTC-EUR,2021-04-06T09:14:08.711720Z,10920278732,39867228,bc75cfc1-4505-40b6-afda-e7fd44803f5f,f7607ed2-cdae-4e17-92ae-7c06b5c80782,0.0033415,49676.51
match,buy,BTC-EUR,2021-04-06T09:14:08.711720Z,10920278734,39867229,badc72fb-4a09-40d3-9bc8-7cecab60da19,f7607ed2-cdae-4e17-92ae-7c06b5c80782,0.0466585,49676.5
match,sell,BTC-EUR,2021-04-06T09:14:08.989999Z,10920278782,39867230,5a04cc63-f7b5-4454-8ac1-067293a87ef2,4b722f78-e7cf-408b-8576-0b52ff48c11d,0.00986559,49694.38
match,buy,BTC-EUR,2021-04-06T09:14:11.155189Z,10920279018,39867231,de3919f1-d0d2-42bb-adec-eb196b7e02b3,dc357950-bbe2-461e-87e7-e5623437051c,0.0051141,49687.77
match,buy,BTC-EUR,2021-04-06T09:14:11.155189Z,10920279020,39867232,5679c367-7c22-4f23-85e1-4a5bfb1e5fee,dc357950-bbe2-461e-87e7-e5623437051c,0.13612349,49672.42
match,buy,BTC-EUR,2021-04-06T09:14:11.650358Z,10920279159,39867233,d1d96f4f-ae49-4663-be7d-d832abc8636d,b44d705c-e907-4f88-8bed-0774e6005d17,0.00051922,49669.65
match,buy,BTC-EUR,2021-04-06T09:14:12.158009Z,10920279225,39867234,61acc3a9-f952-4222-9c33-5d700842c99e,45602e57-4b95-4136-bb77-13f8f707a7c7,0.00400533,49693.44
match,buy,BTC-EUR,2021-04-06T09:14:12.158009Z,10920279227,39867235,f6a4e0ae-e6f9-4bb3-8eb3-2d2e92bcf96b,45602e57-4b95-4136-bb77-13f8f707a7c7,0.00646367,49677.59
match,sell,BTC-EUR,2021-04-06T09:14:14.178791Z,10920279455,39867236,2e4fc507-345c-4e17-982e-e3c7130f4f41,9acbb9bc-0204-45c1-81ac-998ce687ad8d,0.00047068,49687.34
match,sell,BTC-EUR,2021-04-06T09:14:14.775879Z,10920279490,39867237,5d374e5d-14e0-42ba-84b6-25213f98f002,e01ea419-99ec-43c1-8502-4233d7a9668b,0.0096282,49685.53
match,sell,BTC-EUR,2021-04-06T09:14:15.699126Z,10920279561,39867238,19a76af4-0412-44dc-806e-bc5905b6e36f,aa514d67-3d87-447d-8e90-7159bbc60e16,0.0019254,49694.24
match,buy,BTC-EUR,2021-04-06T09:14:21.336948Z,10920280069,39867239,b8de4cba-74d8-4781-86cf-75f3625f76f7,634051e9-ffd6-4003-8031-a2b45f3ca775,0.00065912,49670.14
match,sell,BTC-EUR,2021-04-06T09:14:23.253822Z,10920280332,39867240,d0bce618-5dc5-4ee2-bd67-f0f02c05cc57,5b770751-1ce4-4c55-8f34-4ffeffa7bf5d,0.00047071,49686.05
match,buy,BTC-EUR,2021-04-06T09:14:23.424413Z,10920280364,39867241,9dd8c074-8960-4409-9843-fb85a7429ce1,2e6d9fd9-2195-4b4a-80d2-ca2b719425c7,0.2,49669.98
match,sell,BTC-EUR,2021-04-06T09:14:26.764010Z,10920281016,39867242,ae924b3e-d330-4f99-bb60-32426fe5c313,b60daaa1-12dc-490d-81a6-1b77ba26bc98,0.00192554,49669.38
match,sell,BTC-EUR,2021-04-06T09:14:27.074703Z,10920281061,39867243,ae924b3e-d330-4f99-bb60-32426fe5c313,77a3defc-21a1-4fad-ad5b-354d53e82657,0.00793812,49669.38
match,sell,BTC-EUR,2021-04-06T09:14:28.229442Z,10920281261,39867244,8fbaa6c0-2c91-4f77-904d-d5b1733dbaf7,8c323326-2d71-4b96-9e40-c784eed18def,0.00018042,49672.41
match,sell,BTC-EUR,2021-04-06T09:14:28.384750Z,10920281286,39867245,ff748485-bd0d-40dd-879e-805c4c3476d4,69a833d6-eda2-4f09-a276-c65523b4723d,0.00050479,49672.42
match,buy,BTC-EUR,2021-04-06T09:14:31.397615Z,10920281593,39867246,d872e9bf-42ab-4215-b16c-b02c6b73360f,d9556f8b-35d7-47a3-aef1-429a93902dbe,0.00537874,49669.03
match,buy,BTC-EUR,2021-04-06T09:14:31.397615Z,10920281595,39867247,8bdae1c4-2b8a-4cab-b96c-b9884096805c,d9556f8b-35d7-47a3-aef1-429a93902dbe,0.00678659,49659.57
match,sell,BTC-EUR,2021-04-06T09:14:33.775515Z,10920282029,39867248,07e5ab01-9756-4fc7-a8db-8f1f40c77038,66184ed2-4bcd-4f0f-9dab-9520699f4e68,0.02328439,49684.61
match,sell,BTC-EUR,2021-04-06T09:14:33.775515Z,10920282031,39867249,ab8aa0b0-4eb8-4f63-b585-3bf02b93f4cb,66184ed2-4bcd-4f0f-9dab-9520699f4e68,0.00578594,49684.61
match,buy,BTC-EUR,2021-04-06T09:14:34.466199Z,10920282232,39867250,e56c71c6-0085-42f6-9dee-829557c02531,74465452-56c8-4918-9a8d-f5170deccb57,0.00683864,49668.23
match,sell,BTC-EUR,2021-04-06T09:14:36.813288Z,10920282363,39867251,d5fbcc8c-3329-4e7b-92c6-c4ba257bd120,a583d4fb-c16d-4431-8b00-9951cb06d2c7,0.0116422,49681.7
match,sell,BTC-EUR,2021-04-06T09:14:36.813288Z,10920282365,39867252,ca5cf64f-c6c5-4a55-9c1b-722161e8dee8,a583d4fb-c16d-4431-8b00-9951cb06d2c7,0.01465849,49681.71
match,sell,BTC-EUR,2021-04-06T09:14:38.125242Z,10920282474,39867253,b74ec4b7-ec21-49b9-8c89-3671de44d812,855e0672-a4ab-451c-87d7-eeaede214622,0.0058211,49683.74
match,sell,BTC-EUR,2021-04-06T09:14:38.125242Z,10920282476,39867254,02a2b63a-a4d7-41c4-9ce9-6f7185d3a42a,855e0672-a4ab-451c-87d7-eeaede214622,0.0255,49683.75
match,sell,BTC-EUR,2021-04-06T09:14:38.125242Z,10920282478,39867255,2fc75bf0-bbba-4a12-97c4-f2cbf67a2d85,855e0672-a4ab-451c-87d7-eeaede214622,0.0673693,49686.03
match,sell,BTC-EUR,2021-04-06T09:14:38.536678Z,10920282553,39867256,20f92466-ddcd-458c-b226-788868afef5d,110a3092-9700-4a79-b6bf-5b58aae97afb,0.00018047,49686.03
match,sell,BTC-EUR,2021-04-06T09:14:38.917650Z,10920282609,39867257,20f92466-ddcd-458c-b226-788868afef5d,69d0e66c-a06c-4c30-9bcf-c0c00abd4330,0.00194257,49686.03
match,buy,BTC-EUR,2021-04-06T09:14:42.331766Z,10920283303,39867258,e62fb293-8b0d-4655-82d2-0ba027435245,3a24c620-f469-43cd-b9d3-3d169ef8ca7b,0.05776492,49676.6
